<marc:record><marc:leader>02231nam  2200301Ia 4500</marc:leader><marc:controlfield tag="005">20200918223600.0</marc:controlfield><marc:controlfield tag="008">191008s2019    bl            000 0 por d</marc:controlfield><marc:datafield ind1="7" ind2=" " tag="024"><marc:subfield code="a">http://dx.doi.org/10.11606/issn.2316-901X.v0i73p275-279</marc:subfield><marc:subfield code="2">DOI</marc:subfield></marc:datafield><marc:datafield ind1=" " ind2=" " tag="040"><marc:subfield code="a">USP/AGUIA</marc:subfield></marc:datafield><marc:datafield ind1="0" ind2=" " tag="041"><marc:subfield code="a">por</marc:subfield></marc:datafield><marc:datafield ind1=" " ind2=" " tag="044"><marc:subfield code="a">bl</marc:subfield></marc:datafield><marc:datafield ind1="1" ind2=" " tag="100"><marc:subfield code="a">Barbosa, Alexandre de Freitas</marc:subfield><marc:subfield code="0">https://orcid.org/0000-0002-0493-7488</marc:subfield></marc:datafield><marc:datafield ind1="1" ind2="4" tag="245"><marc:subfield code="a">Uma economia pol&#237;tica da poesia drummondiana</marc:subfield></marc:datafield><marc:datafield ind1=" " ind2=" " tag="260"><marc:subfield code="a">S&#227;o Paulo</marc:subfield><marc:subfield code="c">2019</marc:subfield></marc:datafield><marc:datafield ind1=" " ind2=" " tag="300"><marc:subfield code="a">p. 275 - 279</marc:subfield></marc:datafield><marc:datafield ind1=" " ind2=" " tag="500"><marc:subfield code="a">Disponivel em: &lt;http://dx.doi.org/10.11606/issn.2316-901X.v0i73p275-279&gt;. Acesso em: 8 out. 2019</marc:subfield></marc:datafield><marc:datafield ind1="2" ind2=" " tag="510"><marc:subfield code="a">Indexado no: Scielo</marc:subfield></marc:datafield><marc:datafield ind1="2" ind2=" " tag="510"><marc:subfield code="a">Indexado no: RedAlyc</marc:subfield></marc:datafield><marc:datafield ind1="2" ind2=" " tag="510"><marc:subfield code="a">Indexado no: Directory of Open Access Journals</marc:subfield></marc:datafield><marc:datafield ind1=" " ind2=" " tag="520"><marc:subfield code="a">O texto procura ressaltar a contribui&#231;&#227;o de Jos&#233; Miguel Wisnik em seu livro recente. Nessa obra, o autor realiza uma fus&#227;o entre a hist&#243;ria do desenvolvimento e da minera&#231;&#227;o no Brasil, que teve como marco a cria&#231;&#227;o da Companhia Vale do Rio Doce (CVRD), e a inven&#231;&#227;o po&#233;tica drummondiana, profundamente afetada pelo destino de Itabira, sua cidade natal. Tempo e espa&#231;o s&#227;o aniquilados durante o processo de desenvolvimento econ&#244;mico, mas tamb&#233;m ressignificados criativamente pelo poeta, que v&#234; o territ&#243;rio onde se deu o seu processo de sociabilidade ser literalmente soterrado pela atua&#231;&#227;o da empresa. A Vale S.A., tal como renomeada em 2007, apenas depois das cat&#225;strofes de Mariana e Sobradinho parece ecoar o grito de dor do poeta, cuja inteligibilidade n&#227;o era acess&#237;vel aos seus contempor&#226;neos</marc:subfield></marc:datafield><marc:datafield ind1=" " ind2="7" tag="650"><marc:subfield code="a">POESIA</marc:subfield><marc:subfield code="2">larpcal</marc:subfield></marc:datafield><marc:datafield ind1="1" ind2="7" tag="600"><marc:subfield code="a">Andrade, Carlos Drummond de</marc:subfield><marc:subfield code="d">1902-1987</marc:subfield><marc:subfield code="2">larpcal</marc:subfield></marc:datafield><marc:datafield ind1="1" ind2="7" tag="600"><marc:subfield code="a">Wisnik, Jos&#233; Miguel</marc:subfield><marc:subfield code="d">1948-</marc:subfield><marc:subfield code="2">larpcal</marc:subfield></marc:datafield><marc:datafield ind1=" " ind2="7" tag="650"><marc:subfield code="a">MINERA&#199;&#195;O</marc:subfield><marc:subfield code="2">larpcal</marc:subfield></marc:datafield><marc:datafield ind1="0" ind2=" " tag="773"><marc:subfield code="t">Revista do Instituto de Estudos Brasileiros</marc:subfield><marc:subfield code="d">Brasil</marc:subfield><marc:subfield code="h">n. 73, p. 275-279, ago. 2019</marc:subfield></marc:datafield><marc:datafield ind1="4" ind2="1" tag="856"><marc:subfield code="z">Clicar sobre o bot&#227;o para acesso ao texto completo</marc:subfield><marc:subfield code="u">http://dx.doi.org/10.11606/issn.2316-901X.v0i73p275-279</marc:subfield><marc:subfield code="3">DOI</marc:subfield></marc:datafield><marc:datafield ind1=" " ind2=" " tag="945"><marc:subfield code="a">P</marc:subfield><marc:subfield code="b">ARTIGO DE PERIODICO-RESENHA</marc:subfield><marc:subfield code="c">03</marc:subfield><marc:subfield code="j">2019</marc:subfield><marc:subfield code="l">NACIONAL</marc:subfield></marc:datafield><marc:datafield ind1=" " ind2=" " tag="946"><marc:subfield code="a">BARBOSA, ALEXANDRE DE FREITAS</marc:subfield><marc:subfield code="b">470882</marc:subfield><marc:subfield code="e">IEB</marc:subfield><marc:subfield code="f">INSTITUTO DE ESTUDOS BRASILEIROS</marc:subfield><marc:subfield code="g">IEB</marc:subfield><marc:subfield code="h">DIRETORIA INSTITUTO DE ESTUDOS BRASILEIROS</marc:subfield><marc:subfield code="i">RDIDP</marc:subfield><marc:subfield code="j">DOCENTE</marc:subfield><marc:subfield code="k">PROFESSOR ASSOCIADO</marc:subfield><marc:subfield code="l">80</marc:subfield><marc:subfield code="m">20180215</marc:subfield><marc:subfield code="n">20501231</marc:subfield></marc:datafield></marc:record>