<marc:record><marc:leader>05548nam  2200397Ia 4500</marc:leader><marc:controlfield tag="005">20181009151200.0</marc:controlfield><marc:controlfield tag="008">181009s2018    bl            000 0 por d</marc:controlfield><marc:datafield ind1=" " ind2=" " tag="040"><marc:subfield code="a">USP/SIBI</marc:subfield></marc:datafield><marc:datafield ind1="0" ind2=" " tag="041"><marc:subfield code="a">por</marc:subfield></marc:datafield><marc:datafield ind1=" " ind2=" " tag="044"><marc:subfield code="a">bl</marc:subfield></marc:datafield><marc:datafield ind1="1" ind2=" " tag="100"><marc:subfield code="a">Quevedo, Elisiane da Silva</marc:subfield></marc:datafield><marc:datafield ind1="0" ind2="0" tag="242"><marc:subfield code="a">Humiliated and insulted</marc:subfield><marc:subfield code="b">the Car&#233;s in The Time and the Wind, by &#201;rico Ver&#237;ssimo</marc:subfield></marc:datafield><marc:datafield ind1="1" ind2="0" tag="245"><marc:subfield code="a">Humilhados e ofendidos</marc:subfield><marc:subfield code="b">os Car&#233;s em O Tempo e o Vento, de &#201;rico Ver&#237;ssimo</marc:subfield></marc:datafield><marc:datafield ind1=" " ind2=" " tag="260"><marc:subfield code="a">S&#227;o Paulo</marc:subfield><marc:subfield code="c">2018</marc:subfield></marc:datafield><marc:datafield ind1=" " ind2=" " tag="300"><marc:subfield code="a">190 f</marc:subfield></marc:datafield><marc:datafield ind1=" " ind2=" " tag="502"><marc:subfield code="a">Disserta&#231;&#227;o (Mestrado)</marc:subfield></marc:datafield><marc:datafield ind1=" " ind2=" " tag="520"><marc:subfield code="a">Esta disserta&#231;&#227;o tematiza a configura&#231;&#227;o das personagens de sobrenome Car&#233; na trilogia O Tempo e o Vento, do escritor sul-rio-grandense Erico Verissimo (1905-1975). Lulu Car&#233;, Jos&#233; Car&#233; (Juca Feio), Quincas Car&#233;, Chiru Car&#233;, Jo&#227;o Car&#233;, Mingote Car&#233;, Pedro Car&#233;, Man&#233; Car&#233;, Ism&#225;lia Car&#233;, Lauro Car&#233;, Romualdinho Car&#233;, Ant&#244;nia, Ondina Car&#233;, Joaninha Car&#233; s&#227;o representantes de uma classe de indiv&#237;duos espoliados presentes nas tr&#234;s partes do romance: O continente, O retrato e O arquip&#233;lago. Ladeando o enredo principal, quase despercebidos do leitor, os Car&#233;s contrap&#245;em-se aos protagonistas, os representantes da aristocracia. S&#227;o sujeitos livres, mas "sem eira nem beira", desvalidos, que vivem, inicialmente, errantes, e que, posteriormente, passam a viver nas franjas da propriedade dos Terra Cambar&#225;, dependentes da solidariedade dos poderosos. O objetivo desta disserta&#231;&#227;o &#233; explorar a configura&#231;&#227;o dos Car&#233;s ao longo da trilogia, buscando observar as rela&#231;&#245;es entre fic&#231;&#227;o e experi&#234;ncia da realidade. Para tanto, a disserta&#231;&#227;o aborda: 1. a rela&#231;&#227;o entre os Car&#233;s e o sentido de "ra&#231;a" ou mesti&#231;agem, analisando-se a linhagem dos Car&#233;s em um vi&#233;s &#233;tnico; 2. a rela&#231;&#227;o entre os Car&#233;s e a ideia de "ga&#250;cho", procurando inquirir se eles se enquadrariam ou n&#227;o em um modelo culturalmente preconcebido - destemido, audacioso, &#237;ntegro, com seu cavalo e indument&#225;ria t&#237;pica; 3. a conex&#227;o entre Car&#233;s e a terra (o Continente de S&#227;o Pedro, o estado do Rio Grande do Sul, a fazenda do grande</marc:subfield></marc:datafield><marc:datafield ind1=" " ind2=" " tag="590"><marc:subfield code="d">Culturas e Identidades Brasileiras</marc:subfield></marc:datafield><marc:datafield ind1=" " ind2=" " tag="520"><marc:subfield code="a">propriet&#225;rio) que os abriga, mas sobre a qual n&#227;o t&#234;m direito; 4. a rela&#231;&#227;o entre os Car&#233;s e a guerra, sublinhando a incongru&#234;ncia entre sujeitos recha&#231;ados pela sociedade em tempos de paz e apreciados em tempos de conflito. Focaliza, igualmente, a rela&#231;&#227;o da sociedade descrita por Erico com as mulheres Car&#233;s, tratadas como objetos sexuais dos estancieiros</marc:subfield></marc:datafield><marc:datafield ind1="1" ind2="7" tag="600"><marc:subfield code="a">Ver&#237;ssimo, Erico</marc:subfield><marc:subfield code="d">1905-1975</marc:subfield><marc:subfield code="2">larpcal</marc:subfield></marc:datafield><marc:datafield ind1=" " ind2="7" tag="650"><marc:subfield code="a">LITERATURA BRASILEIRA</marc:subfield><marc:subfield code="2">larpcal</marc:subfield></marc:datafield><marc:datafield ind1=" " ind2="7" tag="650"><marc:subfield code="a">POBREZA</marc:subfield><marc:subfield code="2">larpcal</marc:subfield></marc:datafield><marc:datafield ind1=" " ind2="7" tag="650"><marc:subfield code="a">PERSONAGENS</marc:subfield><marc:subfield code="2">larpcal</marc:subfield></marc:datafield><marc:datafield ind1=" " ind2="7" tag="650"><marc:subfield code="a">ROMANCE</marc:subfield><marc:subfield code="x">CR&#205;TICA E INTERPRETA&#199;&#195;O</marc:subfield><marc:subfield code="z">BRASIL</marc:subfield><marc:subfield code="2">larpcal</marc:subfield></marc:datafield><marc:datafield ind1="1" ind2=" " tag="700"><marc:subfield code="a">Moraes, Marcos Antonio de</marc:subfield><marc:subfield code="4">orient</marc:subfield></marc:datafield><marc:datafield ind1="0" ind2=" " tag="856"><marc:subfield code="z">e-mail do autor</marc:subfield><marc:subfield code="u">mailto://elisianequevedo@yahoo.com.br</marc:subfield><marc:subfield code="3">E-mail do autor</marc:subfield></marc:datafield><marc:datafield ind1="4" ind2="1" tag="856"><marc:subfield code="z">Clicar sobre o bot&#227;o para acesso ao texto</marc:subfield><marc:subfield code="u">http://www.teses.usp.br/teses/disponiveis/31/31131/tde-26092018-122554/</marc:subfield><marc:subfield code="3">BDTD</marc:subfield></marc:datafield><marc:datafield ind1="0" ind2=" " tag="856"><marc:subfield code="z">e-mail do orientador</marc:subfield><marc:subfield code="u">mailto://mamoraes@usp.br</marc:subfield><marc:subfield code="3">E-mail do orientador</marc:subfield></marc:datafield><marc:datafield ind1=" " ind2=" " tag="940"><marc:subfield code="a">This dissertation thematizes the configuration of the characters surnamed Car&#233; in the trilogy "The Time and the Wind", written by the Rio Grande do Sul State writer, Erico Verissimo (1905-1975). Lulu Car&#233;, Jos&#233; Car&#233; (Juca Feio), Quincas Car&#233;, Chiru Car&#233;, Jo&#227;o Car&#233;, Mingote Car&#233;, Pedro Car&#233;, Man&#233; Car&#233;, Ism&#225;lia Car&#233;, Lauro Car&#233;, Romualdinho Car&#233;, Ant&#244;nia, Ondina Car&#233; and Joaninha Car&#233; are representatives of a class of stolen individuals present in the three parts of the novel: The Continent, The Portrait and The Archipelago. Besides the main plot, almost unnoticed by the reader, the Car&#233;s counterpoint the protagonists, the representatives of the aristocracy. They are free subjects, but without anything to call their own, helpless, who live, initially, wandering, and who, later, live in the fringes of the Terra Cambar&#225; property, dependent on the solidarity of the powerful. The purpose of this dissertation is to explore the configuration of the Car&#233;s throughout the trilogy, seeking to observe the relations between fiction and reality experience. To do so, the dissertation addresses: 1. the relationship between the Cares and the sense of "race" or miscegenation, analyzing the lineage of the Car&#233;s in an ethnic bias; 2. The relation between the Cares and the idea of "gaucho", trying to inquire whether or not they fit into a culturally preconceived model - fearless, audacious, upright, with his typical horse and typical clothing; 3. The connection between Car&#233;s and the land</marc:subfield></marc:datafield><marc:datafield ind1=" " ind2=" " tag="940"><marc:subfield code="a">(the Continent of Saint Peter, the Rio Grande do Sul State, the farm of the great owner) that houses them, but which they are not entitled; 4, the relationship between the Cares and the war, highlighting the incongruity between subjects rejected by society in times of peace and appreciated in times of conflict. It also focuses on the relationship of the society described by Erico with the Car&#233;s women, treated as sexual objects of the ranchers</marc:subfield></marc:datafield><marc:datafield ind1=" " ind2=" " tag="945"><marc:subfield code="a">T</marc:subfield><marc:subfield code="b">TESE</marc:subfield><marc:subfield code="c">T</marc:subfield><marc:subfield code="i">05.07.2018</marc:subfield><marc:subfield code="j">2018</marc:subfield></marc:datafield><marc:datafield ind1=" " ind2=" " tag="946"><marc:subfield code="a">QUEVEDO, ELISIANE DA SILVA</marc:subfield><marc:subfield code="b">7784922</marc:subfield><marc:subfield code="e">IEB</marc:subfield><marc:subfield code="f">INSTITUTO DE ESTUDOS BRASILEIROS</marc:subfield><marc:subfield code="q">ME</marc:subfield><marc:subfield code="r">05.07.2018</marc:subfield><marc:subfield code="s">S</marc:subfield><marc:subfield code="o">2103606</marc:subfield></marc:datafield><marc:datafield ind1=" " ind2=" " tag="952"><marc:subfield code="a">Brazilian Literature</marc:subfield><marc:subfield code="f">Proveniente da Base Teses Digitais da USP</marc:subfield></marc:datafield><marc:datafield ind1=" " ind2=" " tag="952"><marc:subfield code="a">Characters</marc:subfield><marc:subfield code="f">Proveniente da Base Teses Digitais da USP</marc:subfield></marc:datafield><marc:datafield ind1=" " ind2=" " tag="952"><marc:subfield code="a">Novel</marc:subfield><marc:subfield code="f">Proveniente da Base Teses Digitais da USP</marc:subfield></marc:datafield><marc:datafield ind1=" " ind2=" " tag="952"><marc:subfield code="a">Poverty</marc:subfield><marc:subfield code="f">Proveniente da Base Teses Digitais da USP</marc:subfield></marc:datafield></marc:record>