<marc:record><marc:leader>05543nam  2200433Ia 4500</marc:leader><marc:controlfield tag="005">20200918225200.0</marc:controlfield><marc:controlfield tag="008">200121s2019    bl            000 0 por d</marc:controlfield><marc:datafield ind1=" " ind2=" " tag="040"><marc:subfield code="a">USP/AGUIA</marc:subfield></marc:datafield><marc:datafield ind1="0" ind2=" " tag="041"><marc:subfield code="a">por</marc:subfield></marc:datafield><marc:datafield ind1=" " ind2=" " tag="044"><marc:subfield code="a">bl</marc:subfield></marc:datafield><marc:datafield ind1="1" ind2=" " tag="100"><marc:subfield code="a">Binazzi, Biancamaria</marc:subfield></marc:datafield><marc:datafield ind1="0" ind2="0" tag="242"><marc:subfield code="a">Phonography in transit</marc:subfield><marc:subfield code="b">records exchanges between the Discoteca P&#250;blica Municipal and the Archive of American Folk Song (1939-1943)</marc:subfield></marc:datafield><marc:datafield ind1="1" ind2="0" tag="245"><marc:subfield code="a">Fonografia em tr&#226;nsito</marc:subfield><marc:subfield code="b">o interc&#226;mbio de discos entre a Discoteca P&#250;blica Municipal de S&#227;o Paulo e a Biblioteca do Congresso em Washington (1939-1943)</marc:subfield><marc:subfield code="c">Biancamaria Binazzi</marc:subfield></marc:datafield><marc:datafield ind1=" " ind2=" " tag="260"><marc:subfield code="a">S&#227;o Paulo</marc:subfield><marc:subfield code="c">2019</marc:subfield></marc:datafield><marc:datafield ind1=" " ind2=" " tag="300"><marc:subfield code="a">176 f</marc:subfield></marc:datafield><marc:datafield ind1=" " ind2=" " tag="502"><marc:subfield code="a">Disserta&#231;&#227;o (Mestrado)</marc:subfield></marc:datafield><marc:datafield ind1=" " ind2=" " tag="520"><marc:subfield code="a">A partir de um estudo de caso sobre o interc&#226;mbio de discos folcl&#243;ricos entre a Discoteca P&#250;blica Municipal (DPM), vinculada &#224; Divis&#227;o de Expans&#227;o Cultural do Departamento de Cultura do Munic&#237;pio S&#227;o Paulo e a Divis&#227;o de M&#250;sica da Biblioteca do Congresso em Washington (LOC) durante o per&#237;odo da Segunda Guerra Mundial, pretende-se estudar objetos e pr&#225;ticas sonoras ligados &#224; fonografia como mediadores de trocas, circula&#231;&#245;es e transfer&#234;ncias culturais e tecnol&#243;gicas. Sob incentivo da Pol&#237;tica da Boa Vizinhan&#231;a e financiamento do Fundo de Emerg&#234;ncia de Guerra do Departamento do Estado dos Estados Unidos, o conv&#234;nio entre as duas institui&#231;&#245;es promoveu n&#227;o apenas a troca de material fonogr&#225;fico sobre m&#250;sica das Am&#233;ricas a ser apreciado pelos meios cient&#237;ficos e art&#237;sticos, mas tamb&#233;m teria favorecido um interc&#226;mbio de conhecimento tecnol&#243;gico em um momento em que pa&#237;ses da Am&#233;rica estavam engajados forma&#231;&#227;o de arquivos sonoros de m&#250;sica folcl&#243;rica. Nesse contexto, a grava&#231;&#227;o, conserva&#231;&#227;o e difus&#227;o da m&#250;sica folcl&#243;rica em discos de acetato em 78 rpm seriam importantes ferramentas para constru&#231;&#227;o de imagin&#225;rios sonoros de identidades coletivas. Buscaremos entender em que medida o interc&#226;mbio foi considerado uma "emerg&#234;ncia de guerra" pelo governo dos Estados Unidos e como o projeto da Discoteca P&#250;blica Municipal, idealizado por M&#225;rio de Andrade e dirigido por Oneyda Alvarenga, teria se beneficiado com a parceria, apesar da recusa inicial revelada na correspond&#234;ncia</marc:subfield></marc:datafield><marc:datafield ind1=" " ind2=" " tag="590"><marc:subfield code="d">Culturas e Identidades Brasileiras</marc:subfield></marc:datafield><marc:datafield ind1=" " ind2=" " tag="520"><marc:subfield code="a">analisada. A pesquisa partir&#225; da hip&#243;tese de que, apesar da aparente resist&#234;ncia em integrar o projeto do governo norte-americano, a institui&#231;&#227;o paulistana aceita o conv&#234;nio pelos benef&#237;cios tecnol&#243;gicos que garantiriam a preserva&#231;&#227;o e difus&#227;o do material fonogr&#225;fico no territ&#243;rio nacional</marc:subfield></marc:datafield><marc:datafield ind1="1" ind2="7" tag="600"><marc:subfield code="a">Andrade, M&#225;rio de</marc:subfield><marc:subfield code="d">1893-1945</marc:subfield><marc:subfield code="2">larpcal</marc:subfield></marc:datafield><marc:datafield ind1="1" ind2="7" tag="600"><marc:subfield code="a">Alvarenga, Oneyda</marc:subfield><marc:subfield code="d">1911-1984</marc:subfield><marc:subfield code="2">larpcal</marc:subfield></marc:datafield><marc:datafield ind1=" " ind2="7" tag="650"><marc:subfield code="a">FOLCLORE</marc:subfield><marc:subfield code="2">larpcal</marc:subfield></marc:datafield><marc:datafield ind1=" " ind2="7" tag="650"><marc:subfield code="a">PAN-AMERICANISMO</marc:subfield><marc:subfield code="2">larpcal</marc:subfield></marc:datafield><marc:datafield ind1=" " ind2="7" tag="650"><marc:subfield code="a">IND&#218;STRIA FONOGR&#193;FICA</marc:subfield><marc:subfield code="2">larpcal</marc:subfield></marc:datafield><marc:datafield ind1=" " ind2="7" tag="650"><marc:subfield code="a">DISCOTECAS</marc:subfield><marc:subfield code="2">larpcal</marc:subfield></marc:datafield><marc:datafield ind1="1" ind2=" " tag="700"><marc:subfield code="a">Toni, Fl&#225;via Camargo</marc:subfield><marc:subfield code="4">orient</marc:subfield></marc:datafield><marc:datafield ind1="0" ind2=" " tag="856"><marc:subfield code="z">e-mail do autor</marc:subfield><marc:subfield code="u">mailto://biancamaria.binazzi@usp.br</marc:subfield><marc:subfield code="3">E-mail do autor</marc:subfield></marc:datafield><marc:datafield ind1="4" ind2="1" tag="856"><marc:subfield code="z">Clicar sobre o bot&#227;o para acesso ao texto</marc:subfield><marc:subfield code="u">http://www.teses.usp.br/teses/disponiveis/31/31131/tde-16012020-112647/</marc:subfield><marc:subfield code="3">BDTD</marc:subfield></marc:datafield><marc:datafield ind1="0" ind2=" " tag="856"><marc:subfield code="z">e-mail do orientador</marc:subfield><marc:subfield code="u">mailto://flictis@usp.br</marc:subfield><marc:subfield code="3">E-mail do orientador</marc:subfield></marc:datafield><marc:datafield ind1=" " ind2=" " tag="940"><marc:subfield code="a">From a case study on the exchange of folk records between the Discoteca P&#250;blica Municipal (DPM), linked to Departamento de Cultura de S&#227;o Paulo and the Music Division of the Library of Congress in Washington (LOC) during the period of the World War II, it is intended to study sound objects and practices related to phonography as mediators of cultural and technological exchanges. Under the auspices of the Good Neighbor Policy and funding from the War Emergency Fund of the US State Department, the agreement between the two institutions not only promoted the exchange of phonographic material on music from the Americas to be appreciated by scientific and artistic media, but it would also have favored an exchange of technological knowledge at a time when countries in America were engaged in the formation of sound archives of folk music. In this context, the recording, conservation and diffusion of folk music on acetate discs at 78 rpm would be important tools for the construction of sound imaginary of collective identities. We will seek to understand to what extent the exchange was considered a "war emergency" by the United States government and how the Municipal Public Discoteque project, designed by M&#225;rio de Andrade and directed by Oneyda Alvarenga, would have benefited from the partnership, despite the initial refusal revealed in the correspondence analyzed. The research will start from the hypothesis that, despite the apparent resistance to integrate the US government</marc:subfield></marc:datafield><marc:datafield ind1=" " ind2=" " tag="940"><marc:subfield code="a">project, the Sao Paulo institution accepts the agreement for the technological benefits that would guarantee the preservation and diffusion of phonographic material in Brazil</marc:subfield></marc:datafield><marc:datafield ind1=" " ind2=" " tag="945"><marc:subfield code="a">T</marc:subfield><marc:subfield code="b">TESE</marc:subfield><marc:subfield code="c">T</marc:subfield><marc:subfield code="i">05.11.2019</marc:subfield><marc:subfield code="j">2019</marc:subfield></marc:datafield><marc:datafield ind1=" " ind2=" " tag="946"><marc:subfield code="a">BINAZZI, BIANCAMARIA</marc:subfield><marc:subfield code="b">8644858</marc:subfield><marc:subfield code="e">IEB</marc:subfield><marc:subfield code="f">INSTITUTO DE ESTUDOS BRASILEIROS</marc:subfield><marc:subfield code="q">ME</marc:subfield><marc:subfield code="r">05.11.2019</marc:subfield><marc:subfield code="x">CULTURAS E IDENTIDADES BRASILEIRAS</marc:subfield><marc:subfield code="z">ESTUDOS BRASILEIROS</marc:subfield><marc:subfield code="o">52412</marc:subfield><marc:subfield code="s">S</marc:subfield></marc:datafield><marc:datafield ind1=" " ind2=" " tag="952"><marc:subfield code="a">Arquivos Sonoros</marc:subfield><marc:subfield code="f">Proveniente da Base Teses Digitais da USP</marc:subfield></marc:datafield><marc:datafield ind1=" " ind2=" " tag="952"><marc:subfield code="a">Folklore</marc:subfield><marc:subfield code="f">Proveniente da Base Teses Digitais da USP</marc:subfield></marc:datafield><marc:datafield ind1=" " ind2=" " tag="952"><marc:subfield code="a">Fonografia</marc:subfield><marc:subfield code="f">Proveniente da Base Teses Digitais da USP</marc:subfield></marc:datafield><marc:datafield ind1=" " ind2=" " tag="952"><marc:subfield code="a">Pan Americanism</marc:subfield><marc:subfield code="f">Proveniente da Base Teses Digitais da USP</marc:subfield></marc:datafield><marc:datafield ind1=" " ind2=" " tag="952"><marc:subfield code="a">Phonography</marc:subfield><marc:subfield code="f">Proveniente da Base Teses Digitais da USP</marc:subfield></marc:datafield><marc:datafield ind1=" " ind2=" " tag="952"><marc:subfield code="a">Sound Archives</marc:subfield><marc:subfield code="f">Proveniente da Base Teses Digitais da USP</marc:subfield></marc:datafield></marc:record>