<marc:record><marc:leader>01227nam  2200301Ia 4500</marc:leader><marc:controlfield tag="005">20151118183300.0</marc:controlfield><marc:controlfield tag="008">130102s2010    bl            000 0 por d</marc:controlfield><marc:datafield ind1=" " ind2=" " tag="020"><marc:subfield code="a">9788531412301</marc:subfield></marc:datafield><marc:datafield ind1=" " ind2=" " tag="020"><marc:subfield code="a">9788575961742</marc:subfield></marc:datafield><marc:datafield ind1=" " ind2=" " tag="040"><marc:subfield code="a">USP/SIBI</marc:subfield></marc:datafield><marc:datafield ind1="0" ind2=" " tag="041"><marc:subfield code="a">por</marc:subfield></marc:datafield><marc:datafield ind1=" " ind2=" " tag="044"><marc:subfield code="a">bl</marc:subfield></marc:datafield><marc:datafield ind1="1" ind2=" " tag="100"><marc:subfield code="a">Andrade, Mario de</marc:subfield><marc:subfield code="d">1893-1945</marc:subfield></marc:datafield><marc:datafield ind1="1" ind2="0" tag="245"><marc:subfield code="a">Correspond&#234;ncia M&#225;rio de Andrade &amp; Henriqueta Lisboa</marc:subfield><marc:subfield code="c">organiza&#231;&#227;o e introdu&#231;&#227;o Eneida Maria de Souza ; notas Eneida Maria de Souza, Pe Lauro Pal&#250; ; estabelecimento do texto das cartas Maria Silvia Ianni Barsalini</marc:subfield></marc:datafield><marc:datafield ind1=" " ind2=" " tag="260"><marc:subfield code="a">S&#227;o Paulo</marc:subfield><marc:subfield code="b">Peir&#243;polis</marc:subfield><marc:subfield code="b">EDUSP</marc:subfield><marc:subfield code="c">2010</marc:subfield></marc:datafield><marc:datafield ind1=" " ind2=" " tag="300"><marc:subfield code="a">397 p</marc:subfield><marc:subfield code="b">il.</marc:subfield><marc:subfield code="c">25 cm</marc:subfield></marc:datafield><marc:datafield ind1="0" ind2=" " tag="490"><marc:subfield code="a">Correspond&#234;ncia M&#225;rio de Andrade</marc:subfield><marc:subfield code="v">3</marc:subfield></marc:datafield><marc:datafield ind1=" " ind2=" " tag="500"><marc:subfield code="a">Indice onom&#225;stico</marc:subfield></marc:datafield><marc:datafield ind1="1" ind2="7" tag="600"><marc:subfield code="a">Andrade, Mario de</marc:subfield><marc:subfield code="d">1893-1945</marc:subfield><marc:subfield code="2">larpcal</marc:subfield></marc:datafield><marc:datafield ind1="1" ind2="7" tag="600"><marc:subfield code="a">Lisboa Henriqueta</marc:subfield><marc:subfield code="d">1901-1985</marc:subfield><marc:subfield code="2">larpcal</marc:subfield></marc:datafield><marc:datafield ind1=" " ind2="7" tag="650"><marc:subfield code="a">EPISTOLOGRAFIA</marc:subfield><marc:subfield code="y">S&#201;CULO 20</marc:subfield><marc:subfield code="z">BRASIL</marc:subfield><marc:subfield code="2">larpcal</marc:subfield></marc:datafield><marc:datafield ind1=" " ind2="7" tag="650"><marc:subfield code="a">LITERATURA</marc:subfield><marc:subfield code="y">S&#201;CULO 20</marc:subfield><marc:subfield code="z">BRASIL</marc:subfield><marc:subfield code="2">larpcal</marc:subfield></marc:datafield><marc:datafield ind1=" " ind2="7" tag="656"><marc:subfield code="a">ESCRITORES (CORRESPOND&#202;NCIAS E REMINISC&#202;NCIAS)</marc:subfield><marc:subfield code="y">S&#201;CULO 20</marc:subfield><marc:subfield code="z">BRASIL</marc:subfield><marc:subfield code="2">larpcal</marc:subfield></marc:datafield><marc:datafield ind1="1" ind2=" " tag="700"><marc:subfield code="a">Lisboa, Henriqueta</marc:subfield><marc:subfield code="d">1901-1985</marc:subfield></marc:datafield><marc:datafield ind1="1" ind2=" " tag="700"><marc:subfield code="a">Souza, Eneida Maria de</marc:subfield><marc:subfield code="4">org</marc:subfield><marc:subfield code="4">intr</marc:subfield><marc:subfield code="6">notas</marc:subfield></marc:datafield><marc:datafield ind1="1" ind2=" " tag="700"><marc:subfield code="a">Pal&#250;, Lauro</marc:subfield><marc:subfield code="6">notas</marc:subfield></marc:datafield><marc:datafield ind1="1" ind2=" " tag="700"><marc:subfield code="a">Barsalini, Maria Silvia Ianni</marc:subfield><marc:subfield code="4">text</marc:subfield></marc:datafield><marc:datafield ind1=" " ind2=" " tag="945"><marc:subfield code="a">L</marc:subfield><marc:subfield code="b">LIVRO</marc:subfield><marc:subfield code="c">01</marc:subfield></marc:datafield></marc:record>