<marc:record><marc:leader>01322cam  2200397 a 4500</marc:leader><marc:controlfield tag="005">20121005175604.0</marc:controlfield><marc:controlfield tag="008">100408s2009    bl am    b    001 0bpor d</marc:controlfield><marc:datafield ind1=" " ind2=" " tag="010"><marc:subfield code="a">  2010312485</marc:subfield></marc:datafield><marc:datafield ind1=" " ind2=" " tag="020"><marc:subfield code="a">9788535915631</marc:subfield></marc:datafield><marc:datafield ind1=" " ind2=" " tag="020"><marc:subfield code="a">853591563X</marc:subfield></marc:datafield><marc:datafield ind1=" " ind2=" " tag="035"><marc:subfield code="a">(OCoLC)642005839</marc:subfield></marc:datafield><marc:datafield ind1=" " ind2=" " tag="040"><marc:subfield code="a">VTU</marc:subfield><marc:subfield code="c">VTU</marc:subfield><marc:subfield code="d">DLC</marc:subfield><marc:subfield code="d">SBACH</marc:subfield><marc:subfield code="d">BLBSF</marc:subfield><marc:subfield code="d">HEBIS</marc:subfield></marc:datafield><marc:datafield ind1="0" ind2=" " tag="041"><marc:subfield code="a">por</marc:subfield></marc:datafield><marc:datafield ind1=" " ind2=" " tag="042"><marc:subfield code="a">lccopycat</marc:subfield><marc:subfield code="a">lcode</marc:subfield></marc:datafield><marc:datafield ind1=" " ind2=" " tag="043"><marc:subfield code="a">n------</marc:subfield><marc:subfield code="a">s------</marc:subfield><marc:subfield code="a">e-sp---</marc:subfield></marc:datafield><marc:datafield ind1=" " ind2=" " tag="044"><marc:subfield code="a">bl</marc:subfield></marc:datafield><marc:datafield ind1="0" ind2="0" tag="050"><marc:subfield code="a">E125.N9</marc:subfield><marc:subfield code="b">M34 2009</marc:subfield></marc:datafield><marc:datafield ind1="0" ind2="4" tag="082"><marc:subfield code="a">923.946</marc:subfield><marc:subfield code="2">21</marc:subfield></marc:datafield><marc:datafield ind1="0" ind2=" " tag="092"><marc:subfield code="a">980.1</marc:subfield></marc:datafield><marc:datafield ind1="1" ind2=" " tag="100"><marc:subfield code="a">Markun, Paulo</marc:subfield></marc:datafield><marc:datafield ind1="1" ind2="0" tag="245"><marc:subfield code="a">Cabeza de Vaca</marc:subfield><marc:subfield code="c">Paulo Markun</marc:subfield></marc:datafield><marc:datafield ind1=" " ind2=" " tag="260"><marc:subfield code="a">S&#227;o Paulo, SP</marc:subfield><marc:subfield code="b">Companhia das Letras</marc:subfield><marc:subfield code="c">2009</marc:subfield></marc:datafield><marc:datafield ind1=" " ind2=" " tag="300"><marc:subfield code="a">283 p</marc:subfield><marc:subfield code="b">il. (some col.); maps</marc:subfield><marc:subfield code="c">22 cm</marc:subfield></marc:datafield><marc:datafield ind1=" " ind2=" " tag="504"><marc:subfield code="a">Includes bibliographical references (p. 263-269) and index</marc:subfield></marc:datafield><marc:datafield ind1="1" ind2="0" tag="600"><marc:subfield code="a">N&#250;&#241;ez Cabeza de Vaca, Alvar</marc:subfield><marc:subfield code="d">16th cent</marc:subfield></marc:datafield><marc:datafield ind1=" " ind2="0" tag="650"><marc:subfield code="a">Explorers</marc:subfield><marc:subfield code="z">America</marc:subfield><marc:subfield code="v">Biography</marc:subfield></marc:datafield><marc:datafield ind1=" " ind2="0" tag="650"><marc:subfield code="a">Explorers</marc:subfield><marc:subfield code="z">Spain</marc:subfield><marc:subfield code="v">Biography</marc:subfield></marc:datafield><marc:datafield ind1=" " ind2="4" tag="650"><marc:subfield code="a">Explorador</marc:subfield><marc:subfield code="x">biografia</marc:subfield><marc:subfield code="z">Espanha</marc:subfield><marc:subfield code="z">Am&#233;rica.</marc:subfield></marc:datafield><marc:datafield ind1="1" ind2="4" tag="650"><marc:subfield code="a">Expedi&#231;&#227;o exploradora</marc:subfield><marc:subfield code="z">Am&#233;rica</marc:subfield></marc:datafield><marc:datafield ind1=" " ind2="7" tag="650"><marc:subfield code="a">BIOGRAFIAS</marc:subfield><marc:subfield code="2">larpcal</marc:subfield></marc:datafield><marc:datafield ind1=" " ind2="7" tag="650"><marc:subfield code="a">VIAGENS E EXPLORA&#199;&#213;ES</marc:subfield><marc:subfield code="z">ESPANHA</marc:subfield><marc:subfield code="2">larpcal</marc:subfield></marc:datafield><marc:datafield ind1=" " ind2="0" tag="651"><marc:subfield code="a">America</marc:subfield><marc:subfield code="x">Discovery and exploration</marc:subfield><marc:subfield code="x">Spanish.</marc:subfield></marc:datafield><marc:datafield ind1=" " ind2="7" tag="650"><marc:subfield code="a">HIST&#211;RIA DA AM&#201;RICA</marc:subfield><marc:subfield code="2">larpcal</marc:subfield></marc:datafield><marc:datafield ind1="1" ind2="4" tag="600"><marc:subfield code="a">N&#250;&#241;es Cabeza de Vaca, &#193;lvar</marc:subfield></marc:datafield><marc:datafield ind1="1" ind2="7" tag="600"><marc:subfield code="a">N&#250;&#241;ez Cabeza de Vaca, Alvaro</marc:subfield><marc:subfield code="2">swd</marc:subfield></marc:datafield><marc:datafield ind1=" " ind2=" " tag="945"><marc:subfield code="a">L</marc:subfield><marc:subfield code="b">LIVRO</marc:subfield><marc:subfield code="c">01</marc:subfield></marc:datafield></marc:record>