<marc:record><marc:leader>02661nam  2200289Ia 4500</marc:leader><marc:controlfield tag="005">20190712093100.0</marc:controlfield><marc:controlfield tag="008">190422s2018    bl            000 0 por d</marc:controlfield><marc:datafield ind1="7" ind2=" " tag="024"><marc:subfield code="a">10.1590/1806-93472018v38n78-05</marc:subfield><marc:subfield code="2">DOI</marc:subfield></marc:datafield><marc:datafield ind1=" " ind2=" " tag="040"><marc:subfield code="a">USP/SIBI</marc:subfield></marc:datafield><marc:datafield ind1="0" ind2=" " tag="041"><marc:subfield code="a">por</marc:subfield></marc:datafield><marc:datafield ind1=" " ind2=" " tag="044"><marc:subfield code="a">bl</marc:subfield></marc:datafield><marc:datafield ind1="1" ind2=" " tag="100"><marc:subfield code="a">Iumantti, Paulo Teixeira</marc:subfield></marc:datafield><marc:datafield ind1="1" ind2="0" tag="245"><marc:subfield code="a">Arquivos pessoais e a escrita da hist&#243;ria no Brasil</marc:subfield><marc:subfield code="b">um balan&#231;o cr&#237;tico</marc:subfield></marc:datafield><marc:datafield ind1=" " ind2=" " tag="260"><marc:subfield code="a">S&#227;o Paulo</marc:subfield><marc:subfield code="b">Associa&#231;&#227;o Nacional de Hist&#243;ria - ANPUH</marc:subfield><marc:subfield code="c">2018</marc:subfield></marc:datafield><marc:datafield ind1=" " ind2=" " tag="300"><marc:subfield code="a">p.</marc:subfield></marc:datafield><marc:datafield ind1=" " ind2=" " tag="500"><marc:subfield code="a">Dispon&#237;vel em: &lt;http://dx.doi.org/10.1590/1806-93472018v38n78-05&gt; Acesso em 22 abr.2019</marc:subfield></marc:datafield><marc:datafield ind1="0" ind2=" " tag="510"><marc:subfield code="a">Indexado no: Science Citation Index Expanded (ISI Web of Knowledge)</marc:subfield></marc:datafield><marc:datafield ind1="0" ind2=" " tag="510"><marc:subfield code="a">Indexado no: Redalyc</marc:subfield></marc:datafield><marc:datafield ind1="0" ind2=" " tag="510"><marc:subfield code="a">Indexado no: Directory of Open Access Journals (DOAJ)</marc:subfield></marc:datafield><marc:datafield ind1="0" ind2=" " tag="510"><marc:subfield code="a">Indexado no: Scopus Elsevier</marc:subfield></marc:datafield><marc:datafield ind1=" " ind2=" " tag="520"><marc:subfield code="a">Considerando o crescente interesse por documentos de arquivos pessoais no mundo atual, procuramos, neste artigo, apresentar um balan&#231;o do modo como esses documentos t&#234;m sido utilizados, no Brasil, em um campo particularmente aberto para reflex&#245;es de cunho te&#243;rico e epistemol&#243;gico: o da hist&#243;ria da historiografia - ao qual somamos o da hist&#243;ria intelectual e cong&#234;neres. Com isso, pretendemos mostrar, a um p&#250;blico mais amplo, resultados te&#243;ricos e reflex&#245;es que podem ser aproveitados tanto por especialistas como por pesquisadores pouco afeitos a essas &#225;reas, mas que se beneficiam de seus resultados te&#243;ricos ao procurarem utilizar documentos de arquivos pessoais em suas pesquisas - tend&#234;ncia crescente &#224; medida que se consolidam e aumentam as institui&#231;&#245;es de guarda e seus repert&#243;rios documentais, no Brasil e no mundo. Inversamente, pretendemos tamb&#233;m, ao fazer tal balan&#231;o, abrir os campos espec&#237;ficos da hist&#243;ria da historiografia e da hist&#243;ria intelectual para as reflex&#245;es que se fazem em outras &#225;reas, como a teoria liter&#225;ria, com base em documentos de arquivos pessoais. O objetivo &#233; aprofundar o di&#225;logo interdisciplinar e contribuir para um uso mais cr&#237;tico das fontes em obras de hist&#243;ria intelectual e biografias, de forma geral</marc:subfield></marc:datafield><marc:datafield ind1=" " ind2="7" tag="650"><marc:subfield code="a">HISTORIOGRAFIA</marc:subfield><marc:subfield code="x">HIST&#211;RIA</marc:subfield><marc:subfield code="2">larpcal</marc:subfield></marc:datafield><marc:datafield ind1=" " ind2="7" tag="650"><marc:subfield code="a">MEM&#211;RIA</marc:subfield><marc:subfield code="2">larpcal</marc:subfield></marc:datafield><marc:datafield ind1="0" ind2=" " tag="773"><marc:subfield code="t">Revista Brasileira de Hist&#243;ria</marc:subfield><marc:subfield code="d">S&#227;o Paulo</marc:subfield><marc:subfield code="h">v.38,n.78,online, 2018</marc:subfield><marc:subfield code="x">0102-0188</marc:subfield></marc:datafield><marc:datafield ind1="4" ind2="1" tag="856"><marc:subfield code="z">"Clicar" sobre o bot&#227;o para acesso ao texto online</marc:subfield><marc:subfield code="u">http://dx.doi.org/10.1590/1806-93472018v38n78-05</marc:subfield><marc:subfield code="3">Base Scielo</marc:subfield></marc:datafield><marc:datafield ind1=" " ind2=" " tag="945"><marc:subfield code="a">P</marc:subfield><marc:subfield code="b">ARTIGO DE PERIODICO-RESENHA</marc:subfield><marc:subfield code="c">03</marc:subfield><marc:subfield code="j">2018</marc:subfield><marc:subfield code="l">NACIONAL</marc:subfield></marc:datafield><marc:datafield ind1=" " ind2=" " tag="946"><marc:subfield code="a">IUMATTI, PAULO TEIXEIRA</marc:subfield><marc:subfield code="b">1480798</marc:subfield><marc:subfield code="e">IEB</marc:subfield><marc:subfield code="f">INSTITUTO DE ESTUDOS BRASILEIROS</marc:subfield><marc:subfield code="g">IEB</marc:subfield><marc:subfield code="h">DIRETORIA INSTITUTO DE ESTUDOS BRASILEIROS</marc:subfield><marc:subfield code="i">RDIDP</marc:subfield><marc:subfield code="j">DOCENTE</marc:subfield><marc:subfield code="k">PROFESSOR ASSOCIADO</marc:subfield><marc:subfield code="l">80</marc:subfield><marc:subfield code="m">20101018</marc:subfield><marc:subfield code="n">20501231</marc:subfield></marc:datafield></marc:record>