<marc:record><marc:leader>00734cam  22002057a 4500</marc:leader><marc:controlfield tag="005">20180821164500.0</marc:controlfield><marc:controlfield tag="008">180821s2010    bl            000 0 por d</marc:controlfield><marc:datafield ind1=" " ind2=" " tag="010"><marc:subfield code="a">2010313342</marc:subfield></marc:datafield><marc:datafield ind1=" " ind2=" " tag="020"><marc:subfield code="a">9788535916553</marc:subfield></marc:datafield><marc:datafield ind1=" " ind2=" " tag="040"><marc:subfield code="a">USP/SIBI</marc:subfield></marc:datafield><marc:datafield ind1="0" ind2=" " tag="041"><marc:subfield code="a">por</marc:subfield></marc:datafield><marc:datafield ind1=" " ind2=" " tag="044"><marc:subfield code="a">bl</marc:subfield></marc:datafield><marc:datafield ind1="1" ind2=" " tag="100"><marc:subfield code="a">Arrigucci Junior, Davi</marc:subfield></marc:datafield><marc:datafield ind1="1" ind2="2" tag="245"><marc:subfield code="a">O guardador de segredos</marc:subfield><marc:subfield code="b">ensaios</marc:subfield></marc:datafield><marc:datafield ind1=" " ind2=" " tag="260"><marc:subfield code="a">Sao Paulo, SP</marc:subfield><marc:subfield code="b">Companhia das Letras</marc:subfield><marc:subfield code="c">2010</marc:subfield></marc:datafield><marc:datafield ind1=" " ind2=" " tag="500"><marc:subfield code="a">&#205;ndice Onom&#225;stico</marc:subfield></marc:datafield><marc:datafield ind1=" " ind2="7" tag="650"><marc:subfield code="a">ENSAIO LITER&#193;RIO</marc:subfield><marc:subfield code="y">S&#233;culo 20</marc:subfield><marc:subfield code="z">BRASIL</marc:subfield><marc:subfield code="2">larpcal</marc:subfield></marc:datafield><marc:datafield ind1=" " ind2="7" tag="650"><marc:subfield code="a">CR&#205;TICA LITER&#193;RIA</marc:subfield><marc:subfield code="2">larpcal</marc:subfield></marc:datafield><marc:datafield ind1=" " ind2=" " tag="945"><marc:subfield code="a">P</marc:subfield><marc:subfield code="b">MONOGRAFIA/LIVRO</marc:subfield><marc:subfield code="c">06</marc:subfield><marc:subfield code="j">2010</marc:subfield><marc:subfield code="l">NACIONAL</marc:subfield></marc:datafield><marc:datafield ind1=" " ind2=" " tag="946"><marc:subfield code="a">ARRIGUCCI JUNIOR, DAVI</marc:subfield><marc:subfield code="b">27257</marc:subfield><marc:subfield code="e">FFLCH</marc:subfield><marc:subfield code="f">FAC DE FILOSOFIA, LETRAS E CI&#202;NCIAS HUMANAS</marc:subfield><marc:subfield code="i">RDIDP</marc:subfield><marc:subfield code="j">DOC APOS</marc:subfield><marc:subfield code="k">PROFESSOR TITULAR</marc:subfield><marc:subfield code="l">83</marc:subfield><marc:subfield code="m">19960420</marc:subfield><marc:subfield code="n">20501231</marc:subfield></marc:datafield></marc:record>