<marc:record><marc:leader>01598nam  2200289 a 4500</marc:leader><marc:controlfield tag="005">20141110141600.0</marc:controlfield><marc:controlfield tag="008">140516s2013    bl o          000 0 por d</marc:controlfield><marc:datafield ind1=" " ind2=" " tag="040"><marc:subfield code="a">USP/SIBI</marc:subfield></marc:datafield><marc:datafield ind1="0" ind2=" " tag="041"><marc:subfield code="a">por</marc:subfield></marc:datafield><marc:datafield ind1=" " ind2=" " tag="044"><marc:subfield code="a">bl</marc:subfield></marc:datafield><marc:datafield ind1="0" ind2=" " tag="092"><marc:subfield code="a">707.4</marc:subfield></marc:datafield><marc:datafield ind1="0" ind2=" " tag="092"><marc:subfield code="a">770.981</marc:subfield></marc:datafield><marc:datafield ind1="1" ind2=" " tag="100"><marc:subfield code="a">Guran, Milton</marc:subfield></marc:datafield><marc:datafield ind1="1" ind2="0" tag="245"><marc:subfield code="a">Filhos da terra</marc:subfield><marc:subfield code="b">fotografias de Milton Guran</marc:subfield><marc:subfield code="c">fotografia Milton Guran ; [produ&#231;&#227;o Luz Tropical Cultura &amp; Produ&#231;&#245;es ; vers&#227;o en ingl&#234;s Eric Lethbridge]</marc:subfield></marc:datafield><marc:datafield ind1=" " ind2=" " tag="260"><marc:subfield code="a">[Rio de Janeiro</marc:subfield><marc:subfield code="b">Luz Tropical Cultura &amp; Produ&#231;&#245;es</marc:subfield><marc:subfield code="c">2013</marc:subfield></marc:datafield><marc:datafield ind1=" " ind2=" " tag="300"><marc:subfield code="a">75 p</marc:subfield><marc:subfield code="b">il. fots.</marc:subfield><marc:subfield code="c">23 cm</marc:subfield></marc:datafield><marc:datafield ind1=" " ind2=" " tag="500"><marc:subfield code="a">Cat&#225;logo da exposi&#231;&#227;o realizada de 5 de dezembro de 2013 a 19 de janeiro de 2014, no Centro Cultural Correios do Rio de Janeiro</marc:subfield></marc:datafield><marc:datafield ind1="0" ind2=" " tag="505"><marc:subfield code="a">Resultado de um trabalho sistem&#225;tico, realizado pelo antrop&#243;logo e fot&#243;grafo Milton Guran, a partir do ano de 1978, o projeto "Filhos da terra" selecionou para a mostra de um conjunto de fotos de formatos diversos. Bel&#237;ssimas fotos que configuram o cotidiano da vida nas aldeias ind&#237;genas Apurin&#227;, Guarani-Mby&#225;, Jaminawa, Kaingang, Kamayur&#225;, Kayap&#243;, Kuikuro, Makuxi, Manchineri, Marubo, Matis, Pankararu, suy&#225;, wokarangma (Arara do Rio Iriri), Xavante e Yanomami</marc:subfield></marc:datafield><marc:datafield ind1=" " ind2=" " tag="546"><marc:subfield code="a">Texto em portugu&#234;s e ingl&#234;s</marc:subfield></marc:datafield><marc:datafield ind1="1" ind2="7" tag="600"><marc:subfield code="a">Guran, Milton</marc:subfield><marc:subfield code="d">1948-</marc:subfield><marc:subfield code="2">larpcal</marc:subfield></marc:datafield><marc:datafield ind1=" " ind2="7" tag="650"><marc:subfield code="a">FOTOGRAFIA (EXPOSI&#199;&#213;ES)</marc:subfield><marc:subfield code="z">BRASIL</marc:subfield><marc:subfield code="2">larpcal</marc:subfield></marc:datafield><marc:datafield ind1=" " ind2="7" tag="650"><marc:subfield code="a">&#205;NDIOS</marc:subfield><marc:subfield code="z">BRASIL</marc:subfield><marc:subfield code="2">larpcal</marc:subfield></marc:datafield><marc:datafield ind1="2" ind2=" " tag="710"><marc:subfield code="a">Centro Cultural Correios (Rio de Janeiro)</marc:subfield></marc:datafield><marc:datafield ind1="1" ind2=" " tag="700"><marc:subfield code="a">Lethbridge, Eric</marc:subfield><marc:subfield code="4">trad</marc:subfield></marc:datafield><marc:datafield ind1="1" ind2=" " tag="700"><marc:subfield code="a">Guran, Milton</marc:subfield><marc:subfield code="4">fotog</marc:subfield></marc:datafield><marc:datafield ind1="2" ind2=" " tag="710"><marc:subfield code="a">Luz Tropical Cultura &amp; Produ&#231;&#245;es</marc:subfield><marc:subfield code="4">prod</marc:subfield></marc:datafield><marc:datafield ind1=" " ind2=" " tag="945"><marc:subfield code="a">L</marc:subfield><marc:subfield code="b">CATALOGO DE EXPOSICAO</marc:subfield><marc:subfield code="c">52</marc:subfield></marc:datafield></marc:record>