<marc:record><marc:leader>00814nam  22002894  4500</marc:leader><marc:controlfield tag="005">20160404155300.0</marc:controlfield><marc:controlfield tag="008">100318s2008    bl            000 0 por d</marc:controlfield><marc:datafield ind1=" " ind2=" " tag="020"><marc:subfield code="a">9788575037256</marc:subfield></marc:datafield><marc:datafield ind1=" " ind2=" " tag="040"><marc:subfield code="a">USP/SIBI</marc:subfield></marc:datafield><marc:datafield ind1="0" ind2=" " tag="041"><marc:subfield code="a">por</marc:subfield></marc:datafield><marc:datafield ind1=" " ind2=" " tag="044"><marc:subfield code="a">bl</marc:subfield></marc:datafield><marc:datafield ind1="0" ind2="4" tag="082"><marc:subfield code="a">801</marc:subfield></marc:datafield><marc:datafield ind1="0" ind2=" " tag="092"><marc:subfield code="a">801</marc:subfield></marc:datafield><marc:datafield ind1=" " ind2=" " tag="092"><marc:subfield code="a">301.209</marc:subfield></marc:datafield><marc:datafield ind1="1" ind2=" " tag="100"><marc:subfield code="a">B&#252;rger, Peter</marc:subfield><marc:subfield code="d">1936-</marc:subfield></marc:datafield><marc:datafield ind1="1" ind2="0" tag="242"><marc:subfield code="a">Theorie der avantgarde</marc:subfield></marc:datafield><marc:datafield ind1="1" ind2="0" tag="245"><marc:subfield code="a">Teoria da vanguarda</marc:subfield><marc:subfield code="c">Peter Burger; tradu&#231;&#227;o Jos&#233; Pedro Antunes</marc:subfield></marc:datafield><marc:datafield ind1=" " ind2=" " tag="260"><marc:subfield code="a">S&#227;o Paulo</marc:subfield><marc:subfield code="b">Cosac Naify</marc:subfield><marc:subfield code="c">2008</marc:subfield></marc:datafield><marc:datafield ind1=" " ind2=" " tag="300"><marc:subfield code="a">272 p</marc:subfield><marc:subfield code="b">il</marc:subfield></marc:datafield><marc:datafield ind1=" " ind2=" " tag="500"><marc:subfield code="a">T&#237;tulo original: Theorie der avantgarde</marc:subfield></marc:datafield><marc:datafield ind1=" " ind2=" " tag="504"><marc:subfield code="a">Bibliografia</marc:subfield></marc:datafield><marc:datafield ind1=" " ind2="7" tag="650"><marc:subfield code="a">ARTES</marc:subfield><marc:subfield code="y">S&#201;CULO 20</marc:subfield><marc:subfield code="2">larpcal</marc:subfield></marc:datafield><marc:datafield ind1=" " ind2="7" tag="650"><marc:subfield code="a">AVANT-GARDE</marc:subfield><marc:subfield code="2">larpcal</marc:subfield></marc:datafield><marc:datafield ind1=" " ind2="7" tag="650"><marc:subfield code="a">EST&#201;TICA</marc:subfield><marc:subfield code="2">larpcal</marc:subfield></marc:datafield><marc:datafield ind1=" " ind2="7" tag="650"><marc:subfield code="a">HIST&#211;RIA CULTURAL</marc:subfield><marc:subfield code="2">larpcal</marc:subfield></marc:datafield><marc:datafield ind1="1" ind2=" " tag="700"><marc:subfield code="a">Antunes, Jos&#233; Pedro</marc:subfield><marc:subfield code="4">trad</marc:subfield></marc:datafield><marc:datafield ind1=" " ind2=" " tag="945"><marc:subfield code="a">L</marc:subfield><marc:subfield code="b">LIVRO</marc:subfield><marc:subfield code="c">01</marc:subfield></marc:datafield></marc:record>