<marc:record><marc:leader>03847nam  2200373Ia 4500</marc:leader><marc:controlfield tag="005">20181212173600.0</marc:controlfield><marc:controlfield tag="008">181212s2018    bl            000 0 por d</marc:controlfield><marc:datafield ind1=" " ind2=" " tag="040"><marc:subfield code="a">USP/SIBI</marc:subfield></marc:datafield><marc:datafield ind1="0" ind2=" " tag="041"><marc:subfield code="a">por</marc:subfield></marc:datafield><marc:datafield ind1=" " ind2=" " tag="044"><marc:subfield code="a">bl</marc:subfield></marc:datafield><marc:datafield ind1="1" ind2=" " tag="100"><marc:subfield code="a">Botelho, Guilherme Machado</marc:subfield></marc:datafield><marc:datafield ind1="0" ind2="0" tag="242"><marc:subfield code="a">How much is the show worth?</marc:subfield><marc:subfield code="b">The fine Rap of Athalyba-Man and the social insertion of the Peripheral through the market of popular music</marc:subfield></marc:datafield><marc:datafield ind1="1" ind2="0" tag="245"><marc:subfield code="a">Quanto vale o show?</marc:subfield><marc:subfield code="b">O fino Rap de Athalyba-Man e a inser&#231;&#227;o social do Perif&#233;rico atrav&#233;s do mercado de m&#250;sica popular</marc:subfield></marc:datafield><marc:datafield ind1=" " ind2=" " tag="260"><marc:subfield code="a">S&#227;o Paulo</marc:subfield><marc:subfield code="c">2018</marc:subfield></marc:datafield><marc:datafield ind1=" " ind2=" " tag="300"><marc:subfield code="a">236 f</marc:subfield></marc:datafield><marc:datafield ind1=" " ind2=" " tag="502"><marc:subfield code="a">Disserta&#231;&#227;o (Mestrado)</marc:subfield></marc:datafield><marc:datafield ind1=" " ind2=" " tag="520"><marc:subfield code="a">Nos &#250;ltimos trinta anos observa-se uma abertura gradativa de espa&#231;os para cantores e cantoras de Rap e Funk nos grandes meios de comunica&#231;&#227;o em massa. Percebe-se, tamb&#233;m, conforme essas culturas musicais extrapolaram os limites de circula&#231;&#227;o do seu lugar de origem, a periferia, um aumento do interesse de jovens e intelectuais oriundos da classe m&#233;dia. Principalmente depois do fen&#244;meno de proje&#231;&#227;o dos Racionais MC\'s, ocorrido nos &#250;ltimos vinte anos. E, atualmente, com o sucesso de Criolo, Rael, Emicida, Rinc&#243;n Sapi&#234;ncia, Baco Ex&#250; do Blues, Raffa Moreira, Coruja BC1, Rico Dalasam, Karol Conka, entre outras e outros. Quais interesses, conflitos e perspectivas est&#227;o em jogo nessa movimenta&#231;&#227;o? Rastreando a constru&#231;&#227;o e transforma&#231;&#227;o da originalidade art&#237;stica de Athalyba-Man, um dos primeiros artistas de Rap nacional a assinar contrato com gravadora multinacional, o referente trabalho busca compreender como se deu a forma&#231;&#227;o e a introdu&#231;&#227;o da cultura musical Rap no mercado fonogr&#225;fico hegem&#244;nico, assim como sua difus&#227;o, conflitos e perspectivas</marc:subfield></marc:datafield><marc:datafield ind1=" " ind2=" " tag="590"><marc:subfield code="d">Culturas e Identidades Brasileiras</marc:subfield></marc:datafield><marc:datafield ind1=" " ind2="7" tag="650"><marc:subfield code="a">HIP HOP</marc:subfield><marc:subfield code="2">larpcal</marc:subfield></marc:datafield><marc:datafield ind1=" " ind2="7" tag="650"><marc:subfield code="a">IND&#218;STRIA FONOGR&#193;FICA</marc:subfield><marc:subfield code="2">larpcal</marc:subfield></marc:datafield><marc:datafield ind1=" " ind2="7" tag="650"><marc:subfield code="a">RAP</marc:subfield><marc:subfield code="2">larpcal</marc:subfield></marc:datafield><marc:datafield ind1=" " ind2="7" tag="650"><marc:subfield code="a">M&#218;SICA POPULAR</marc:subfield><marc:subfield code="2">larpcal</marc:subfield></marc:datafield><marc:datafield ind1="1" ind2=" " tag="700"><marc:subfield code="a">Silveira Junior, Walter Garcia da</marc:subfield><marc:subfield code="4">orient</marc:subfield></marc:datafield><marc:datafield ind1="0" ind2=" " tag="856"><marc:subfield code="z">e-mail do autor</marc:subfield><marc:subfield code="u">mailto://guibotelho@usp.br</marc:subfield><marc:subfield code="3">E-mail do autor</marc:subfield></marc:datafield><marc:datafield ind1="4" ind2="1" tag="856"><marc:subfield code="z">Clicar sobre o bot&#227;o para acesso ao texto</marc:subfield><marc:subfield code="u">http://www.teses.usp.br/teses/disponiveis/31/31131/tde-11122018-111009/</marc:subfield><marc:subfield code="3">BDTD</marc:subfield></marc:datafield><marc:datafield ind1="0" ind2=" " tag="856"><marc:subfield code="z">e-mail do orientador</marc:subfield><marc:subfield code="u">mailto://waltergarcia@usp.br</marc:subfield><marc:subfield code="3">E-mail do orientador</marc:subfield></marc:datafield><marc:datafield ind1=" " ind2=" " tag="940"><marc:subfield code="a">In the last thirty years, there has been opening of spaces for Rap and Funk singers in the mass media. It is also perceived, as these musical cultures extrapolated the limits of circulation from their places of origin, the periphery, an increase in the interest of young and intellectuals coming from the middle class. Mainly, after the gradual phenomenon of projection of the Racionais MC\'s, occurred in the last twenty years. And now, with the success of Criolo, Rael, Emicida, Rinc&#243;n Sapi&#234;ncia, Baco Ex&#250; do Blues, MV Bill, Raffa Moreira, Coruja BC1, Rico Dalasam, Karol Conka, among others. What interests, conflicts and perspectives are at stake in this movement? Tracking the construction and transformation of Athalyba-Man\'s artistic originality, one of the first national Rap artists to sign a contract with a multinational record company, the aim is to understand how the making of and introduction of rap music culture in the hegemonic phonographic market took place, as well as its diffusion, conflicts and perspectives</marc:subfield></marc:datafield><marc:datafield ind1=" " ind2=" " tag="945"><marc:subfield code="a">T</marc:subfield><marc:subfield code="b">TESE</marc:subfield><marc:subfield code="c">T</marc:subfield><marc:subfield code="i">04.10.2018</marc:subfield><marc:subfield code="j">2018</marc:subfield></marc:datafield><marc:datafield ind1=" " ind2=" " tag="946"><marc:subfield code="a">BOTELHO, GUILHERME MACHADO</marc:subfield><marc:subfield code="b">5543951</marc:subfield><marc:subfield code="e">IEB</marc:subfield><marc:subfield code="f">INSTITUTO DE ESTUDOS BRASILEIROS</marc:subfield><marc:subfield code="q">ME</marc:subfield><marc:subfield code="r">04.10.2018</marc:subfield><marc:subfield code="s">S</marc:subfield><marc:subfield code="o">1853060</marc:subfield></marc:datafield><marc:datafield ind1=" " ind2=" " tag="952"><marc:subfield code="a">Athalyba-Man</marc:subfield><marc:subfield code="f">Proveniente da Base Teses Digitais da USP</marc:subfield></marc:datafield><marc:datafield ind1=" " ind2=" " tag="952"><marc:subfield code="a">Athalyba-Man</marc:subfield><marc:subfield code="f">Proveniente da Base Teses Digitais da USP</marc:subfield></marc:datafield><marc:datafield ind1=" " ind2=" " tag="952"><marc:subfield code="a">Blackness</marc:subfield><marc:subfield code="f">Proveniente da Base Teses Digitais da USP</marc:subfield></marc:datafield><marc:datafield ind1=" " ind2=" " tag="952"><marc:subfield code="a">Negritude</marc:subfield><marc:subfield code="f">Proveniente da Base Teses Digitais da USP</marc:subfield></marc:datafield><marc:datafield ind1=" " ind2=" " tag="952"><marc:subfield code="a">Phonografic Industry</marc:subfield><marc:subfield code="f">Proveniente da Base Teses Digitais da USP</marc:subfield></marc:datafield></marc:record>