<marc:record><marc:leader>00742nam  2200253Mi 4500</marc:leader><marc:controlfield tag="001">$$aocn317509050</marc:controlfield><marc:controlfield tag="003">$$aOCoLC</marc:controlfield><marc:controlfield tag="005">$$a2009041312102</marc:controlfield><marc:controlfield tag="008">090401s2008    bl            000 0 por d</marc:controlfield><marc:datafield ind1=" " ind2=" " tag="020"><marc:subfield code="a">9788574401102</marc:subfield></marc:datafield><marc:datafield ind1=" " ind2=" " tag="020"><marc:subfield code="a">8574401102</marc:subfield></marc:datafield><marc:datafield ind1=" " ind2=" " tag="035"><marc:subfield code="a">(OCoLC)317509050</marc:subfield></marc:datafield><marc:datafield ind1=" " ind2=" " tag="040"><marc:subfield code="a">NLGGC</marc:subfield><marc:subfield code="b">dut</marc:subfield><marc:subfield code="c">NLGGC</marc:subfield><marc:subfield code="e">fobidrtb</marc:subfield></marc:datafield><marc:datafield ind1="0" ind2=" " tag="041"><marc:subfield code="a">por</marc:subfield></marc:datafield><marc:datafield ind1=" " ind2=" " tag="044"><marc:subfield code="a">bl</marc:subfield></marc:datafield><marc:datafield ind1="0" ind2=" " tag="092"><marc:subfield code="a">469.5</marc:subfield></marc:datafield><marc:datafield ind1="1" ind2=" " tag="100"><marc:subfield code="a">Ali, Manuel Said</marc:subfield><marc:subfield code="d">1861-1953</marc:subfield></marc:datafield><marc:datafield ind1="1" ind2="0" tag="245"><marc:subfield code="a">Dificuldades da l&#237;ngua Portugu&#234;sa</marc:subfield><marc:subfield code="b">estudos e observa&#231;oes</marc:subfield><marc:subfield code="c">Manoel Said Ali.</marc:subfield></marc:datafield><marc:datafield ind1=" " ind2=" " tag="250"><marc:subfield code="a">7a ed.</marc:subfield></marc:datafield><marc:datafield ind1=" " ind2=" " tag="260"><marc:subfield code="a">Rio de Janeiro,</marc:subfield><marc:subfield code="b">ABL: Biblioteca Nacional</marc:subfield><marc:subfield code="c">2008.</marc:subfield></marc:datafield><marc:datafield ind1=" " ind2=" " tag="300"><marc:subfield code="a">231 p</marc:subfield></marc:datafield><marc:datafield ind1=" " ind2=" " tag="490"><marc:subfield code="a">Cole&#231;&#227;o Ant&#244;nio de Morais Silva</marc:subfield><marc:subfield code="v">v.7</marc:subfield></marc:datafield><marc:datafield ind1=" " ind2="7" tag="650"><marc:subfield code="a">L&#205;NGUA PORTUGUESA (GRAM&#193;TICA)</marc:subfield><marc:subfield code="2">larpcal</marc:subfield></marc:datafield><marc:datafield ind1=" " ind2=" " tag="945"><marc:subfield code="a">L</marc:subfield><marc:subfield code="b">LIVRO</marc:subfield><marc:subfield code="c">01</marc:subfield></marc:datafield></marc:record>