<marc:record><marc:leader>05002nam  2200409Ia 4500</marc:leader><marc:controlfield tag="005">20200918231500.0</marc:controlfield><marc:controlfield tag="008">200908s2019    bl            000 0 por d</marc:controlfield><marc:datafield ind1=" " ind2=" " tag="040"><marc:subfield code="a">USP/AGUIA</marc:subfield></marc:datafield><marc:datafield ind1="0" ind2=" " tag="041"><marc:subfield code="a">por</marc:subfield></marc:datafield><marc:datafield ind1=" " ind2=" " tag="044"><marc:subfield code="a">bl</marc:subfield></marc:datafield><marc:datafield ind1="1" ind2=" " tag="100"><marc:subfield code="a">Marchiori, Ricardo de Almeida</marc:subfield></marc:datafield><marc:datafield ind1="0" ind2="0" tag="242"><marc:subfield code="a">Between Pachamama and ecosytem services</marc:subfield><marc:subfield code="b">the inclusion of indigenous local knowledge systems in the Intergovernmental Platform on Biodiversity and Ecosystem Services (IPBES)</marc:subfield></marc:datafield><marc:datafield ind1="1" ind2="0" tag="245"><marc:subfield code="a">Entre Pachamama e servi&#231;os ecossist&#234;micos</marc:subfield><marc:subfield code="b">a inclus&#227;o dos conhecimentos ind&#237;genas e locais na Plataforma Intergovernamental sobre Biodiversidade e Servi&#231;os Sist&#234;micos (IPBES)</marc:subfield><marc:subfield code="c">Ricardo de Almeida Marchiori</marc:subfield></marc:datafield><marc:datafield ind1=" " ind2=" " tag="260"><marc:subfield code="a">S&#227;o Paulo</marc:subfield><marc:subfield code="c">2019</marc:subfield></marc:datafield><marc:datafield ind1=" " ind2=" " tag="300"><marc:subfield code="a">140 f</marc:subfield></marc:datafield><marc:datafield ind1=" " ind2=" " tag="502"><marc:subfield code="a">Disserta&#231;&#227;o (Mestrado)</marc:subfield></marc:datafield><marc:datafield ind1=" " ind2=" " tag="520"><marc:subfield code="a">Inspirada no Painel Intergovernamental para Mudan&#231;as Clim&#225;ticas (IPCC), foi criada em 2012 a Plataforma Intergovernamental sobre Biodiversidade e Servi&#231;os Ecossist&#234;micos (IPBES), no &#226;mbito do Sistema ONU. &#201; o mais novo organismo cient&#237;fico e diplom&#225;tico voltado &#224; produ&#231;&#227;o de relat&#243;rios sobre os ecossistemas planet&#225;rios e objetiva concentrar autoridade cient&#237;fica para orientar a formula&#231;&#227;o de pol&#237;ticas p&#250;blicas ambientais. Diferentemente do IPCC, contudo, possui maior diversidade disciplinar e prev&#234; desde sua concep&#231;&#227;o a inclus&#227;o de outros atores sociais e sistemas de conhecimentos, como as comunidades ind&#237;genas e locais. Partindo de uma pesquisa documental em registros oficiais da Plataforma, procurou-se investigar atrav&#233;s de quais discursos, metologias e processos decis&#243;rios os conhecimentos ind&#237;genas e locais s&#227;o reconhecidos e inclu&#237;dos nos trabalhos do IPBES, atentando-se para poss&#237;veis conflitos e apagamentos. Em linhas gerais, tentou-se indagar quais as premissas ontol&#243;gicas subjacentes &#224;s concep&#231;&#245;es modernas de natureza e de pol&#237;tica implicitamente adotadas pelas ci&#234;ncias modernas no &#226;mbito do IPBES e, consequentemente, quais fric&#231;&#245;es surgem quando contrapostas a outros regimes de conhecimentos, buscando-se verificar a possibilidade de ocorr&#234;ncia de rupturas na ontologia oficial dos modernos. Por fim, constatou-se um comprometimento por parte dos cientistas em fazer constar estes conhecimentos nos produtos da Plataforma, ainda que tratados de maneira tipicamente</marc:subfield></marc:datafield><marc:datafield ind1=" " ind2=" " tag="590"><marc:subfield code="d">Culturas e Identidades Brasileiras</marc:subfield></marc:datafield><marc:datafield ind1=" " ind2=" " tag="520"><marc:subfield code="a">diplom&#225;tica e cautelosa com a qual o IPBES busca construir sua legitimidade pol&#237;tica e cient&#237;fica</marc:subfield></marc:datafield><marc:datafield ind1=" " ind2="7" tag="650"><marc:subfield code="a">ANTROPOLOGIA</marc:subfield><marc:subfield code="2">larpcal</marc:subfield></marc:datafield><marc:datafield ind1=" " ind2="7" tag="650"><marc:subfield code="a">BIODIVERSIDADE</marc:subfield><marc:subfield code="2">larpcal</marc:subfield></marc:datafield><marc:datafield ind1=" " ind2="7" tag="650"><marc:subfield code="a">ANTROPOLOGIA CULTURAL E SOCIAL</marc:subfield><marc:subfield code="2">larpcal</marc:subfield></marc:datafield><marc:datafield ind1=" " ind2="7" tag="650"><marc:subfield code="a">CULTURA IND&#205;GENA</marc:subfield><marc:subfield code="2">larpcal</marc:subfield></marc:datafield><marc:datafield ind1="1" ind2=" " tag="700"><marc:subfield code="a">Marras, Stelio Alessandro</marc:subfield><marc:subfield code="4">orient</marc:subfield></marc:datafield><marc:datafield ind1="0" ind2=" " tag="856"><marc:subfield code="z">e-mail do autor</marc:subfield><marc:subfield code="u">mailto://ricardo.marchiori@usp.br</marc:subfield><marc:subfield code="3">E-mail do autor</marc:subfield></marc:datafield><marc:datafield ind1="4" ind2="1" tag="856"><marc:subfield code="z">Clicar sobre o bot&#227;o para acesso ao texto</marc:subfield><marc:subfield code="u">https://www.teses.usp.br/teses/disponiveis/31/31131/tde-17032020-092956/</marc:subfield><marc:subfield code="3">BDTD</marc:subfield></marc:datafield><marc:datafield ind1="0" ind2=" " tag="856"><marc:subfield code="z">e-mail do orientador</marc:subfield><marc:subfield code="u">mailto://smarras@usp.br</marc:subfield><marc:subfield code="3">E-mail do orientador</marc:subfield></marc:datafield><marc:datafield ind1=" " ind2=" " tag="940"><marc:subfield code="a">Created in 2012, the Intergovernmental Platform on Biodiversity and Ecosystem Services was heavily inspired by the Intergovernmental Panel for Climate Change (IPCC) and it is the newest diplomatic and scientific international body whose objective is to produce assessment reports on the planet\'s ecosystems and centralize scientific authority aiming to orient policy and decision making. Differently from the IPCC, however, it has greater disciplinary diversity and aims to include a broader range of actors and knowledge systems, such as indigenous and local. By analyzing official IPBES documents this research goal was to investigate through which discourses, methodologies and decision processes these other knowledge systems might be included, foresighting ontological conflicts. It aimed to comprehend what are the ontological assumptions of the modern sciences that make IPBES and what frictions arise when in contact of other knowledge regimes and if there are breaches in the modern ontology. Finally, it was noted a compromise to include these other forms of knowledge in the Platform, treated in a meticulously and diplomatic way that characterizes the operation of IPBES, through which it aims to build its scientific and political legitimacy</marc:subfield></marc:datafield><marc:datafield ind1=" " ind2=" " tag="945"><marc:subfield code="a">T</marc:subfield><marc:subfield code="b">TESE</marc:subfield><marc:subfield code="c">T</marc:subfield><marc:subfield code="i">20.12.2019</marc:subfield><marc:subfield code="j">2019</marc:subfield></marc:datafield><marc:datafield ind1=" " ind2=" " tag="946"><marc:subfield code="a">MARCHIORI, RICARDO DE ALMEIDA</marc:subfield><marc:subfield code="b">7196711</marc:subfield><marc:subfield code="e">IEB</marc:subfield><marc:subfield code="f">INSTITUTO DE ESTUDOS BRASILEIROS</marc:subfield><marc:subfield code="q">ME</marc:subfield><marc:subfield code="r">20.12.2019</marc:subfield><marc:subfield code="s">S</marc:subfield><marc:subfield code="o">2338320</marc:subfield></marc:datafield><marc:datafield ind1=" " ind2=" " tag="952"><marc:subfield code="a">Antropologia da Ci&#234;ncia</marc:subfield><marc:subfield code="f">Proveniente da Base Teses Digitais da USP</marc:subfield></marc:datafield><marc:datafield ind1=" " ind2=" " tag="952"><marc:subfield code="a">Biodiversity</marc:subfield><marc:subfield code="f">Proveniente da Base Teses Digitais da USP</marc:subfield></marc:datafield><marc:datafield ind1=" " ind2=" " tag="952"><marc:subfield code="a">Conhecimentos Ind&#237;genas e Locais</marc:subfield><marc:subfield code="f">Proveniente da Base Teses Digitais da USP</marc:subfield></marc:datafield><marc:datafield ind1=" " ind2=" " tag="952"><marc:subfield code="a">Ecosystem Services</marc:subfield><marc:subfield code="f">Proveniente da Base Teses Digitais da USP</marc:subfield></marc:datafield><marc:datafield ind1=" " ind2=" " tag="952"><marc:subfield code="a">Indigenous Local Knowledge Systems</marc:subfield><marc:subfield code="f">Proveniente da Base Teses Digitais da USP</marc:subfield></marc:datafield><marc:datafield ind1=" " ind2=" " tag="952"><marc:subfield code="a">Science Studies</marc:subfield><marc:subfield code="f">Proveniente da Base Teses Digitais da USP</marc:subfield></marc:datafield><marc:datafield ind1=" " ind2=" " tag="952"><marc:subfield code="a">Servi&#231;os Ecossist&#234;micos</marc:subfield><marc:subfield code="f">Proveniente da Base Teses Digitais da USP</marc:subfield></marc:datafield></marc:record>