<marc:record><marc:leader>00736nam   200229Ia 45  </marc:leader><marc:controlfield tag="005">20181211103700.0</marc:controlfield><marc:controlfield tag="008">090203s2008    bl            000 0 por d</marc:controlfield><marc:datafield ind1=" " ind2=" " tag="020"><marc:subfield code="a">9788575037218</marc:subfield></marc:datafield><marc:datafield ind1=" " ind2=" " tag="040"><marc:subfield code="a">USP/SIBI</marc:subfield></marc:datafield><marc:datafield ind1="0" ind2=" " tag="041"><marc:subfield code="a">por</marc:subfield></marc:datafield><marc:datafield ind1=" " ind2=" " tag="044"><marc:subfield code="a">bl</marc:subfield></marc:datafield><marc:datafield ind1="0" ind2=" " tag="092"><marc:subfield code="a">194.4</marc:subfield></marc:datafield><marc:datafield ind1="1" ind2=" " tag="100"><marc:subfield code="a">Prado J&#250;nior, Bento</marc:subfield><marc:subfield code="d">1937-2007</marc:subfield></marc:datafield><marc:datafield ind1="1" ind2="2" tag="245"><marc:subfield code="a">A ret&#243;rica de Rousseau e outros ensaios</marc:subfield><marc:subfield code="c">Bento Prado J&#250;nior ; organiza&#231;&#227;o e apresenta&#231;&#227;o Franklin de Mattos</marc:subfield></marc:datafield><marc:datafield ind1=" " ind2=" " tag="260"><marc:subfield code="a">S&#227;o Paulo</marc:subfield><marc:subfield code="b">Cosac Naify</marc:subfield><marc:subfield code="c">2008</marc:subfield></marc:datafield><marc:datafield ind1=" " ind2=" " tag="300"><marc:subfield code="a">456 p</marc:subfield><marc:subfield code="c">23 cm</marc:subfield></marc:datafield><marc:datafield ind1="1" ind2="7" tag="600"><marc:subfield code="a">Rousseau, Jean-Jacques</marc:subfield><marc:subfield code="d">1712-1778</marc:subfield><marc:subfield code="2">larpcal</marc:subfield></marc:datafield><marc:datafield ind1=" " ind2="7" tag="650"><marc:subfield code="a">FILOSOFIA MODERNA</marc:subfield><marc:subfield code="z">FRAN&#199;A</marc:subfield><marc:subfield code="2">larpcal</marc:subfield></marc:datafield><marc:datafield ind1=" " ind2="7" tag="650"><marc:subfield code="a">ILUMINISMO</marc:subfield><marc:subfield code="2">larpcal</marc:subfield></marc:datafield><marc:datafield ind1=" " ind2="7" tag="650"><marc:subfield code="a">RET&#211;RICA</marc:subfield><marc:subfield code="2">larpcal</marc:subfield></marc:datafield><marc:datafield ind1="1" ind2=" " tag="700"><marc:subfield code="a">Mattos, Franklin de</marc:subfield><marc:subfield code="4">org</marc:subfield><marc:subfield code="4">apres</marc:subfield></marc:datafield><marc:datafield ind1=" " ind2=" " tag="945"><marc:subfield code="a">L</marc:subfield><marc:subfield code="b">LIVRO</marc:subfield><marc:subfield code="c">01</marc:subfield></marc:datafield></marc:record>