<marc:record><marc:leader>00725nam   200229Ia 45  </marc:leader><marc:controlfield tag="005">20110814044500.0</marc:controlfield><marc:controlfield tag="008">      s2007    bl            000 0 por d</marc:controlfield><marc:datafield ind1=" " ind2=" " tag="020"><marc:subfield code="a">9788526012301</marc:subfield></marc:datafield><marc:datafield ind1=" " ind2=" " tag="040"><marc:subfield code="a">USP/SIBI</marc:subfield></marc:datafield><marc:datafield ind1="0" ind2=" " tag="041"><marc:subfield code="a">por</marc:subfield></marc:datafield><marc:datafield ind1=" " ind2=" " tag="044"><marc:subfield code="a">bl</marc:subfield></marc:datafield><marc:datafield ind1="0" ind2=" " tag="092"><marc:subfield code="a">301.451</marc:subfield></marc:datafield><marc:datafield ind1="1" ind2=" " tag="100"><marc:subfield code="a">Fernandes, Florestan</marc:subfield><marc:subfield code="d">1920-1995</marc:subfield></marc:datafield><marc:datafield ind1="1" ind2="2" tag="245"><marc:subfield code="a">O negro no mundo dos brancos</marc:subfield><marc:subfield code="c">Florestan Fernandes ; apresenta&#231;&#227;o Lilia Moritz Schwarcz</marc:subfield></marc:datafield><marc:datafield ind1="2" ind2=" " tag="250"><marc:subfield code="a">2. ed., rev</marc:subfield></marc:datafield><marc:datafield ind1=" " ind2=" " tag="260"><marc:subfield code="a">S&#227;o Paulo</marc:subfield><marc:subfield code="b">Global</marc:subfield><marc:subfield code="c">2007</marc:subfield></marc:datafield><marc:datafield ind1=" " ind2=" " tag="300"><marc:subfield code="a">313 p</marc:subfield><marc:subfield code="b">il</marc:subfield></marc:datafield><marc:datafield ind1=" " ind2="7" tag="650"><marc:subfield code="a">NEGROS (CONDI&#199;&#213;ES SOCIAIS)</marc:subfield><marc:subfield code="z">BRASIL;S&#195;O PAULO</marc:subfield><marc:subfield code="2">larpcal</marc:subfield></marc:datafield><marc:datafield ind1=" " ind2="7" tag="650"><marc:subfield code="a">RACISMO</marc:subfield><marc:subfield code="2">larpcal</marc:subfield></marc:datafield><marc:datafield ind1=" " ind2="7" tag="650"><marc:subfield code="a">RELA&#199;&#213;ES &#201;TNICAS E RACIAIS</marc:subfield><marc:subfield code="z">BRASIL</marc:subfield><marc:subfield code="2">larpcal</marc:subfield></marc:datafield><marc:datafield ind1="1" ind2=" " tag="700"><marc:subfield code="a">Schwarcz, Lilia Moritz</marc:subfield><marc:subfield code="4">apres</marc:subfield><marc:subfield code="d">1957-</marc:subfield></marc:datafield><marc:datafield ind1=" " ind2=" " tag="945"><marc:subfield code="a">L</marc:subfield><marc:subfield code="b">LIVRO</marc:subfield><marc:subfield code="c">01</marc:subfield></marc:datafield></marc:record>