<marc:record><marc:leader>01000cam  2200289Ia 4500</marc:leader><marc:controlfield tag="005">$$a2008041015183</marc:controlfield><marc:controlfield tag="008">080114s2007    bl a     b    000 i por d</marc:controlfield><marc:datafield ind1=" " ind2=" " tag="020"><marc:subfield code="a">9788532522740</marc:subfield></marc:datafield><marc:datafield ind1=" " ind2=" " tag="020"><marc:subfield code="a">8532522742</marc:subfield></marc:datafield><marc:datafield ind1=" " ind2=" " tag="035"><marc:subfield code="a">(OCoLC)ocn190793012</marc:subfield><marc:subfield code="z">(OCoLC)190793012</marc:subfield></marc:datafield><marc:datafield ind1=" " ind2=" " tag="040"><marc:subfield code="a">AZU</marc:subfield><marc:subfield code="c">AZU</marc:subfield><marc:subfield code="d">IQU</marc:subfield></marc:datafield><marc:datafield ind1="0" ind2=" " tag="041"><marc:subfield code="a">por</marc:subfield></marc:datafield><marc:datafield ind1=" " ind2=" " tag="044"><marc:subfield code="a">bl</marc:subfield></marc:datafield><marc:datafield ind1=" " ind2=" " tag="050"><marc:subfield code="a">PQ9697.L585</marc:subfield><marc:subfield code="b">Z48 2007</marc:subfield></marc:datafield><marc:datafield ind1="0" ind2=" " tag="092"><marc:subfield code="a">869.965</marc:subfield></marc:datafield><marc:datafield ind1="1" ind2=" " tag="100"><marc:subfield code="a">Lispector, Clarice</marc:subfield><marc:subfield code="d">1925-1977</marc:subfield></marc:datafield><marc:datafield ind1="1" ind2="0" tag="240"><marc:subfield code="a">Correspondence</marc:subfield><marc:subfield code="k">Selections</marc:subfield></marc:datafield><marc:datafield ind1="1" ind2="0" tag="245"><marc:subfield code="a">Minhas queridas</marc:subfield><marc:subfield code="c">Clarice Lispector</marc:subfield></marc:datafield><marc:datafield ind1=" " ind2=" " tag="260"><marc:subfield code="a">Rio de Janeiro</marc:subfield><marc:subfield code="b">Rocco</marc:subfield><marc:subfield code="c">c2007</marc:subfield></marc:datafield><marc:datafield ind1=" " ind2=" " tag="300"><marc:subfield code="a">308 p.</marc:subfield><marc:subfield code="b">ill.</marc:subfield><marc:subfield code="c">22 cm.</marc:subfield></marc:datafield><marc:datafield ind1=" " ind2=" " tag="500"><marc:subfield code="a">"Uma compila&#231;&#227;o de 120 cartas in&#233;ditas encontradas nos arquivos pessoais de Elisa Lispector e Tania Kaufmann"--Cover flap</marc:subfield></marc:datafield><marc:datafield ind1="1" ind2="0" tag="600"><marc:subfield code="a">Lispector, Clarice</marc:subfield></marc:datafield><marc:datafield ind1=" " ind2="0" tag="650"><marc:subfield code="a">Authors, Brazilian</marc:subfield><marc:subfield code="y">20th century</marc:subfield><marc:subfield code="v">Correspondence</marc:subfield></marc:datafield><marc:datafield ind1=" " ind2="0" tag="650"><marc:subfield code="a">Women authors, Brazilian</marc:subfield><marc:subfield code="y">20th century</marc:subfield><marc:subfield code="v">Correspondence</marc:subfield></marc:datafield><marc:datafield ind1=" " ind2="7" tag="650"><marc:subfield code="a">LITERATURA BRASILEIRA</marc:subfield><marc:subfield code="2">larpcal</marc:subfield></marc:datafield><marc:datafield ind1=" " ind2="7" tag="650"><marc:subfield code="a">EPISTOLOGRAFIA</marc:subfield><marc:subfield code="2">larpcal</marc:subfield></marc:datafield><marc:datafield ind1=" " ind2=" " tag="945"><marc:subfield code="a">L</marc:subfield><marc:subfield code="b">LIVRO</marc:subfield><marc:subfield code="c">01</marc:subfield></marc:datafield></marc:record>