<marc:record><marc:leader>03953nam  2200397Ia 4500</marc:leader><marc:controlfield tag="005">20150813141600.0</marc:controlfield><marc:controlfield tag="008">140530s2014    bl            000 0 por d</marc:controlfield><marc:datafield ind1=" " ind2=" " tag="040"><marc:subfield code="a">USP/SIBI</marc:subfield></marc:datafield><marc:datafield ind1="0" ind2=" " tag="041"><marc:subfield code="a">por</marc:subfield></marc:datafield><marc:datafield ind1=" " ind2=" " tag="044"><marc:subfield code="a">bl</marc:subfield></marc:datafield><marc:datafield ind1="1" ind2=" " tag="100"><marc:subfield code="a">Fr&#243;es, Andr&#233; Gilberto da Silva</marc:subfield></marc:datafield><marc:datafield ind1="0" ind2="0" tag="242"><marc:subfield code="a">Monteiro Lobato and the national formation (c.1914-1941)</marc:subfield></marc:datafield><marc:datafield ind1="1" ind2="0" tag="245"><marc:subfield code="a">Do urup&#234; de pau podre &#224;&#160; maquiniza&#231;&#227;o - Monteiro Lobato e a forma&#231;&#227;o nacional (c. 1914 - 1941)</marc:subfield></marc:datafield><marc:datafield ind1=" " ind2=" " tag="260"><marc:subfield code="a">S&#227;o Paulo</marc:subfield><marc:subfield code="c">2014</marc:subfield></marc:datafield><marc:datafield ind1=" " ind2=" " tag="300"><marc:subfield code="a">128 p</marc:subfield></marc:datafield><marc:datafield ind1=" " ind2=" " tag="502"><marc:subfield code="a">Disserta&#231;&#227;o (Mestrado)</marc:subfield></marc:datafield><marc:datafield ind1=" " ind2=" " tag="520"><marc:subfield code="a">O presente trabalho aborda a trajet&#243;ria e produ&#231;&#227;o intelectual de Monteiro Lobato a partir de sua vincula&#231;&#227;o &#224;&#160; quest&#227;o nacional, expressa, na perspectiva do escritor, como malforma&#231;&#227;o. Neste sentido, a pesquisa procurou investigar as distintas formas de abordagem do problema em dois momentos do itiner&#225;rio do autor, conectados a diferentes per&#237;odos da experi&#234;ncia hist&#243;rica nacional: o projeto liter&#225;rio lobatiano inicial (c. 1914-1925), vinculado, em um contexto de questionamento sobre a viabilidade da na&#231;&#227;o brasileira, ao nacionalismo paulista em constru&#231;&#227;o e ao esfor&#231;o de elabora&#231;&#227;o da particularidade nacional; e a tentativa de implementa&#231;&#227;o, durante a d&#233;cada de 1930, de uma proposta espec&#237;fica de moderniza&#231;&#227;o econ&#244;mica, ent&#227;o erigida como a resposta do autor para o desafio da forma&#231;&#227;o nacional. Esta &#233; uma pesquisa de car&#225;ter multidisciplinar que transita pelas &#225;reas da hist&#243;ria cultural e da hist&#243;ria econ&#244;mica, manejando conceitos da sociologia e procedimentos da cr&#237;tica liter&#225;ria.</marc:subfield></marc:datafield><marc:datafield ind1=" " ind2=" " tag="590"><marc:subfield code="d">Culturas e Identidades Brasileiras</marc:subfield></marc:datafield><marc:datafield ind1="1" ind2="7" tag="600"><marc:subfield code="a">Lobato, Jos&#233; Bento Monteiro</marc:subfield><marc:subfield code="d">1882-1948</marc:subfield></marc:datafield><marc:datafield ind1=" " ind2="7" tag="650"><marc:subfield code="a">LITERATURA BRASILEIRA (CR&#205;TICA E INTERPRETA&#199;&#195;O)</marc:subfield><marc:subfield code="2">larpcal</marc:subfield></marc:datafield><marc:datafield ind1=" " ind2="7" tag="650"><marc:subfield code="a">HIST&#211;RIA SOCIAL DAS IDEIAS</marc:subfield><marc:subfield code="z">BRASIL</marc:subfield><marc:subfield code="2">larpcal</marc:subfield></marc:datafield><marc:datafield ind1=" " ind2="7" tag="650"><marc:subfield code="a">HIST&#211;RIA ECON&#212;MICA</marc:subfield><marc:subfield code="z">BRASIL</marc:subfield><marc:subfield code="2">larpcal</marc:subfield></marc:datafield><marc:datafield ind1=" " ind2="7" tag="650"><marc:subfield code="a">HIST&#211;RIA DA CULTURA</marc:subfield><marc:subfield code="z">BRASIL</marc:subfield><marc:subfield code="2">larpcal</marc:subfield></marc:datafield><marc:datafield ind1=" " ind2="7" tag="650"><marc:subfield code="a">HIST&#211;RIA DO PETR&#211;LEO</marc:subfield><marc:subfield code="z">BRASIL</marc:subfield><marc:subfield code="2">larpcal</marc:subfield></marc:datafield><marc:datafield ind1=" " ind2="7" tag="650"><marc:subfield code="a">NACIONALISMO</marc:subfield><marc:subfield code="z">S&#195;O PAULO</marc:subfield><marc:subfield code="2">larpcal</marc:subfield></marc:datafield><marc:datafield ind1=" " ind2="7" tag="650"><marc:subfield code="a">MODERNIZA&#199;&#195;O</marc:subfield><marc:subfield code="2">larpcal</marc:subfield></marc:datafield><marc:datafield ind1="1" ind2=" " tag="700"><marc:subfield code="a">Barbosa, Alexandre de Freitas</marc:subfield><marc:subfield code="4">orient</marc:subfield></marc:datafield><marc:datafield ind1="0" ind2=" " tag="856"><marc:subfield code="z">e-mail do autor</marc:subfield><marc:subfield code="u">mailto:andre.froes@usp.br</marc:subfield><marc:subfield code="3">E-mail do autor</marc:subfield></marc:datafield><marc:datafield ind1="4" ind2="1" tag="856"><marc:subfield code="z">Clicar sobre o bot&#227;o para acesso ao texto</marc:subfield><marc:subfield code="u">http://www.teses.usp.br/teses/disponiveis/31/31131/tde-23052014-010955/</marc:subfield><marc:subfield code="3">BDTD</marc:subfield></marc:datafield><marc:datafield ind1="0" ind2=" " tag="856"><marc:subfield code="z">e-mail do orientador</marc:subfield><marc:subfield code="u">mailto:afbarbosa@usp.br</marc:subfield><marc:subfield code="3">E-mail do orientador</marc:subfield></marc:datafield><marc:datafield ind1=" " ind2=" " tag="940"><marc:subfield code="a">The present work deals with the trajectory and the intellectual production of Monteiro Lobato and the way it is connected with the national question, expressed in the writer\'s perspective as malforma&#231;&#227;o (concept that defines the national formation as an incomplete process). In this sense, the research tried to investigate the distinctive approaches to the problem in two specific moments of the author\'s itinerary, which were connected with different periods of national historical experience: the Lobato\'s initial literary project (c.1914-1925), associated with S&#227;o Paulo\'s nationalism which was under construction and the elaboration effort of national particularity, in a context of questions about the Brazilian nation viability; and the attempt to implement, during the 1930 decade, a specific proposal for economic modernization, at that time formulated as the author\'s answer to the to the challenge of national formation. This is a research of multidisciplinary character that transits in the areas of cultural history and the economic history, handling concepts from sociology and procedures from literary criticism</marc:subfield></marc:datafield><marc:datafield ind1=" " ind2=" " tag="945"><marc:subfield code="a">T</marc:subfield><marc:subfield code="b">TESE</marc:subfield><marc:subfield code="c">T</marc:subfield><marc:subfield code="i">18.03.2014</marc:subfield><marc:subfield code="j">2014</marc:subfield></marc:datafield><marc:datafield ind1=" " ind2=" " tag="946"><marc:subfield code="a">FR&#211;ES, ANDR&#201; GILBERTO DA SILVA</marc:subfield><marc:subfield code="b">5424120</marc:subfield><marc:subfield code="e">IEB</marc:subfield><marc:subfield code="f">INST DE ESTUDOS BRASILEIROS</marc:subfield><marc:subfield code="q">ME</marc:subfield><marc:subfield code="r">18.03.2014</marc:subfield><marc:subfield code="s">S</marc:subfield><marc:subfield code="o">470882</marc:subfield></marc:datafield><marc:datafield ind1=" " ind2=" " tag="952"><marc:subfield code="a">Brazilian Literature</marc:subfield><marc:subfield code="f">Proveniente da Base Teses Digitais da USP</marc:subfield></marc:datafield><marc:datafield ind1=" " ind2=" " tag="952"><marc:subfield code="a">History of Brazil</marc:subfield><marc:subfield code="f">Proveniente da Base Teses Digitais da USP</marc:subfield></marc:datafield><marc:datafield ind1=" " ind2=" " tag="952"><marc:subfield code="a">Modernization</marc:subfield><marc:subfield code="f">Proveniente da Base Teses Digitais da USP</marc:subfield></marc:datafield></marc:record>