<marc:record><marc:leader>02938nam  2200289Ia 4500</marc:leader><marc:controlfield tag="005">20140919115700.0</marc:controlfield><marc:controlfield tag="008">130412s2012    bl            000 0 por d</marc:controlfield><marc:datafield ind1=" " ind2=" " tag="040"><marc:subfield code="a">USP/SIBI</marc:subfield></marc:datafield><marc:datafield ind1="0" ind2=" " tag="041"><marc:subfield code="a">por</marc:subfield></marc:datafield><marc:datafield ind1=" " ind2=" " tag="044"><marc:subfield code="a">bl</marc:subfield></marc:datafield><marc:datafield ind1="1" ind2=" " tag="100"><marc:subfield code="a">Fogagnoli, Conrado Augusto Barbosa</marc:subfield></marc:datafield><marc:datafield ind1="0" ind2="0" tag="242"><marc:subfield code="a">Between text and image</marc:subfield><marc:subfield code="b">a study of the illustrations of Sagarana</marc:subfield></marc:datafield><marc:datafield ind1="1" ind2="0" tag="245"><marc:subfield code="a">Entre texto e imagem</marc:subfield><marc:subfield code="b">um estudo sobre as ilustra&#231;&#245;es de Sagarana</marc:subfield></marc:datafield><marc:datafield ind1=" " ind2=" " tag="260"><marc:subfield code="a">S&#227;o Paulo</marc:subfield><marc:subfield code="c">2012</marc:subfield></marc:datafield><marc:datafield ind1=" " ind2=" " tag="300"><marc:subfield code="a">122 p</marc:subfield><marc:subfield code="e">anexos</marc:subfield></marc:datafield><marc:datafield ind1=" " ind2=" " tag="502"><marc:subfield code="a">Disserta&#231;&#227;o (Mestrado)</marc:subfield></marc:datafield><marc:datafield ind1=" " ind2=" " tag="520"><marc:subfield code="a">Esta disserta&#231;&#227;o prop&#245;e hip&#243;teses para se estabelecer rela&#231;&#245;es entre alguns contos que comp&#245;em a primeira obra publicada por Jo&#227;o Guimar&#227;es Rosa, Sagarana, e as duas vers&#245;es de ilustra&#231;&#245;es que para ela foram feitas pelo gravador e ilustrador Poty Lazzarotto. Com o objetivo de expor como a cr&#237;tica liter&#225;ria brasileira dos dec&#234;nios de 1940 e 1950 entende a obra de Jo&#227;o Guimar&#227;es Rosa, no primeiro cap&#237;tulo analisa-se a recep&#231;&#227;o cr&#237;tica das tr&#234;s primeiras obras publicadas pelo autor; o segundo cap&#237;tulo trata da recep&#231;&#227;o cr&#237;tica da obra de Poty Lazzarotto, evidenciando como esta cr&#237;tica se ocupa apenas da constru&#231;&#227;o de uma biografia estereotipada do artista, sem propor reflex&#245;es sobre sua obra; no terceiro e &#250;ltimo cap&#237;tulo, apresentam-se hip&#243;teses que possibilitam relacionar alguns dos contos de Sagarana, de Guimar&#227;es Rosa, e as duas vers&#245;es de ilustra&#231;&#245;es feitas por Poty Lazzarotto para esta obra.</marc:subfield></marc:datafield><marc:datafield ind1=" " ind2=" " tag="590"><marc:subfield code="a">Estudos Brasileiros</marc:subfield></marc:datafield><marc:datafield ind1="1" ind2="7" tag="600"><marc:subfield code="a">Rosa, Jo&#227;o Guimar&#227;es</marc:subfield><marc:subfield code="d">1908-1967</marc:subfield></marc:datafield><marc:datafield ind1="1" ind2="7" tag="600"><marc:subfield code="a">Lazzarotto, Poty</marc:subfield><marc:subfield code="d">1924-1998</marc:subfield></marc:datafield><marc:datafield ind1=" " ind2="7" tag="650"><marc:subfield code="a">LITERATURA BRASILEIRA</marc:subfield><marc:subfield code="2">larpcal</marc:subfield></marc:datafield><marc:datafield ind1=" " ind2="7" tag="650"><marc:subfield code="a">ILUSTRA&#199;&#195;O</marc:subfield><marc:subfield code="2">larpcal</marc:subfield></marc:datafield><marc:datafield ind1="1" ind2=" " tag="700"><marc:subfield code="a">Laudanna, Mayra</marc:subfield><marc:subfield code="4">orient</marc:subfield></marc:datafield><marc:datafield ind1="4" ind2="1" tag="856"><marc:subfield code="z">"Clicar" sobre o bot&#227;o para acesso ao texto</marc:subfield><marc:subfield code="u">http://www.teses.usp.br/teses/disponiveis/31/31131/tde-25022013-110807/</marc:subfield><marc:subfield code="3">BDTD</marc:subfield></marc:datafield><marc:datafield ind1=" " ind2=" " tag="940"><marc:subfield code="a">This work proposes hypotheses to establish relationships between some tales of the first published work by Guimar&#227;es Rosa, Sagarana, and the two versions of illustrations that were made for it by engraver and illustrator Poty Lazarotto. Aiming to expose how the Brazilian literary critic of the decades of 1940 and 1950 understood the work of Jo&#227;o Guimar&#227;es Rosa, the first chapter analyzes the critical reception of the first three works published by the author. The second chapter deals with the critical reception of the work of Poty Lazzarotto, showing how this criticism is concerned only in building a stereotypical biography of the artist, without offering thoughts about his plastic work. The third and final chapter, presents some hypotheses in the relationships between the short storiesof Sagarana, by Guimar&#227;es Rosa, and both versions of the illustrations made by Poty Lazzarotto for his work.</marc:subfield></marc:datafield><marc:datafield ind1=" " ind2=" " tag="945"><marc:subfield code="a">T</marc:subfield><marc:subfield code="b">TESE</marc:subfield><marc:subfield code="c">T</marc:subfield><marc:subfield code="i">19.12.2012</marc:subfield><marc:subfield code="j">2012</marc:subfield></marc:datafield><marc:datafield ind1=" " ind2=" " tag="946"><marc:subfield code="a">FOGAGNOLI, CONRADO AUGUSTO BARBOSA</marc:subfield><marc:subfield code="b">3754000</marc:subfield><marc:subfield code="e">IEB</marc:subfield><marc:subfield code="f">INST DE ESTUDOS BRASILEIROS</marc:subfield><marc:subfield code="o">51769</marc:subfield><marc:subfield code="q">ME</marc:subfield><marc:subfield code="r">19.12.2012</marc:subfield><marc:subfield code="s">S</marc:subfield></marc:datafield></marc:record>