<marc:record><marc:leader>00672nam  2200217Ia 4500</marc:leader><marc:controlfield tag="005">20160625102500.0</marc:controlfield><marc:controlfield tag="008">110103s2010    bl            000 0 por d</marc:controlfield><marc:datafield ind1=" " ind2=" " tag="020"><marc:subfield code="a">9788520924501</marc:subfield></marc:datafield><marc:datafield ind1=" " ind2=" " tag="040"><marc:subfield code="a">USP/SIBI</marc:subfield></marc:datafield><marc:datafield ind1="0" ind2=" " tag="041"><marc:subfield code="a">por</marc:subfield></marc:datafield><marc:datafield ind1=" " ind2=" " tag="044"><marc:subfield code="a">bl</marc:subfield></marc:datafield><marc:datafield ind1="0" ind2=" " tag="092"><marc:subfield code="a">869.935</marc:subfield></marc:datafield><marc:datafield ind1="1" ind2=" " tag="100"><marc:subfield code="a">Rosa, Jo&#227;o Guimar&#227;es</marc:subfield><marc:subfield code="d">1908-1967</marc:subfield></marc:datafield><marc:datafield ind1="1" ind2="0" tag="245"><marc:subfield code="a">Corpo de baile</marc:subfield><marc:subfield code="c">Jo&#227;o Guimar&#227;es Rosa</marc:subfield></marc:datafield><marc:datafield ind1=" " ind2=" " tag="260"><marc:subfield code="a">Rio de Janeiro</marc:subfield><marc:subfield code="b">Nova Fronteira</marc:subfield><marc:subfield code="c">2010</marc:subfield></marc:datafield><marc:datafield ind1=" " ind2=" " tag="300"><marc:subfield code="a">v</marc:subfield><marc:subfield code="c">20 cm</marc:subfield></marc:datafield><marc:datafield ind1="0" ind2=" " tag="490"><marc:subfield code="a">Cole&#231;&#227;o Fronteira</marc:subfield></marc:datafield><marc:datafield ind1="0" ind2=" " tag="505"><marc:subfield code="a">Conte&#250;do: v.1 - Campo Geral -- Uma est&#243;ria de amor -- A est&#243;ria de L&#233;lio e Lina</marc:subfield></marc:datafield><marc:datafield ind1=" " ind2="7" tag="650"><marc:subfield code="a">NOVELA</marc:subfield><marc:subfield code="y">S&#233;culo 20</marc:subfield><marc:subfield code="z">BRASIL</marc:subfield><marc:subfield code="2">larpcal</marc:subfield></marc:datafield><marc:datafield ind1=" " ind2="7" tag="650"><marc:subfield code="a">LITERATURA BRASILEIRA</marc:subfield><marc:subfield code="2">larpcal</marc:subfield></marc:datafield><marc:datafield ind1=" " ind2=" " tag="945"><marc:subfield code="a">L</marc:subfield><marc:subfield code="b">LIVRO</marc:subfield><marc:subfield code="c">01</marc:subfield></marc:datafield></marc:record>