<marc:record><marc:leader>05405nam  2200433Ia 4500</marc:leader><marc:controlfield tag="005">20150122174700.0</marc:controlfield><marc:controlfield tag="008">150122s2014    bl            000 0 por d</marc:controlfield><marc:datafield ind1=" " ind2=" " tag="040"><marc:subfield code="a">USP/SIBI</marc:subfield></marc:datafield><marc:datafield ind1="0" ind2=" " tag="041"><marc:subfield code="a">por</marc:subfield></marc:datafield><marc:datafield ind1=" " ind2=" " tag="044"><marc:subfield code="a">bl</marc:subfield></marc:datafield><marc:datafield ind1="1" ind2=" " tag="100"><marc:subfield code="a">Nicola, Lucas Santiago Rodrigues de</marc:subfield></marc:datafield><marc:datafield ind1="0" ind2="0" tag="242"><marc:subfield code="a">Flowers, some with thorns, to the king</marc:subfield><marc:subfield code="b">controversies about d. Pedro II (1920-1940)</marc:subfield></marc:datafield><marc:datafield ind1="1" ind2="0" tag="245"><marc:subfield code="a">Flores, algumas com espinhos, para o rei</marc:subfield><marc:subfield code="b">controv&#233;rsias acerca de d. Pedro II (1920-1940)</marc:subfield></marc:datafield><marc:datafield ind1=" " ind2=" " tag="260"><marc:subfield code="a">S&#227;o Paulo</marc:subfield><marc:subfield code="c">2014</marc:subfield></marc:datafield><marc:datafield ind1=" " ind2=" " tag="300"><marc:subfield code="a">249 p</marc:subfield></marc:datafield><marc:datafield ind1=" " ind2=" " tag="502"><marc:subfield code="a">Disserta&#231;&#227;o (Mestrado)</marc:subfield></marc:datafield><marc:datafield ind1=" " ind2=" " tag="520"><marc:subfield code="a">A presente pesquisa consiste em, a partir da ideia de dois corpos do rei e de seus poss&#237;veis arranjos politicamente produtivos, pensar as interpreta&#231;&#245;es historiogr&#225;ficas e as imagens liter&#225;rias acerca de d. Pedro II elaboradas no Brasil, desde o come&#231;o dos anos 1920, &#233;poca conturbada da vida pol&#237;tica e cultural, at&#233; o in&#237;cio da d&#233;cada de 1940, quando se vivia, sob o governo de Get&#250;lio Vargas, nos tempos do Estado Novo. S&#227;o duas d&#233;cadas carregadas de significados e mem&#243;rias, nas quais se viveu a celebra&#231;&#227;o e a fixa&#231;&#227;o de marcos hist&#243;ricos para a ainda bastante jovem na&#231;&#227;o brasileira. Analisar as obras feitas neste per&#237;odo possibilita compreender a maneira como cada autor lidava com a ambiguidade do imperador, como cada um trabalhava, a partir de interesses espec&#237;ficos, o risco e a produtividade da pol&#237;tica no monarca enfeixada. Indo al&#233;m, &#233; poss&#237;vel entender como cada um pensava e criticava, dessa maneira, mais do que o Segundo Reinado e seu monarca, o pr&#243;prio regime republicano. A partir de apontamentos te&#243;ricos referentes &#224;s rela&#231;&#245;es entre hist&#243;ria e mem&#243;ria, s&#227;o analisadas obras variadas, numa tentativa de mapear controv&#233;rsias que emergem em textos de g&#234;neros diversos. Com a leitura e an&#225;lise dos documentos, fica claro que a mem&#243;ria do imperador passou por uma s&#233;rie de disputas e debates, por interpreta&#231;&#245;es que alternaram o tom positivo com a cr&#237;tica mais sat&#237;rica e corrosiva; entendimentos que, no contexto de sua produ&#231;&#227;o, adquiriam eminente car&#225;ter pol&#237;tico. Al&#233;m disso,</marc:subfield></marc:datafield><marc:datafield ind1=" " ind2=" " tag="520"><marc:subfield code="a">por conta de seu aspecto emblem&#225;tico, muitas das quest&#245;es e problem&#225;ticas levantadas no per&#237;odo possibilitam entendimentos amplos sobre a cultura pol&#237;tica brasileira, inclusive de assuntos que tocam os nossos dias. Pensar essas elabora&#231;&#245;es e arranjos, seus riscos e produtividades, sua mem&#243;ria e longa dura&#231;&#227;o, tais s&#227;o os principais objetivos desta pesquisa.</marc:subfield></marc:datafield><marc:datafield ind1=" " ind2=" " tag="590"><marc:subfield code="a">Culturas e Identidades Brasileiras</marc:subfield></marc:datafield><marc:datafield ind1=" " ind2="7" tag="650"><marc:subfield code="a">HIST&#211;RIA DO BRASIL</marc:subfield><marc:subfield code="2">larpcal</marc:subfield></marc:datafield><marc:datafield ind1=" " ind2="7" tag="650"><marc:subfield code="a">HISTORIOGRAFIA</marc:subfield><marc:subfield code="2">larpcal</marc:subfield></marc:datafield><marc:datafield ind1=" " ind2="7" tag="650"><marc:subfield code="a">PRIMEIRA REP&#218;BLICA (1889-1930)</marc:subfield><marc:subfield code="2">larpcal</marc:subfield></marc:datafield><marc:datafield ind1=" " ind2="7" tag="650"><marc:subfield code="a">SEGUNDA REP&#218;BLICA (1930-1964)</marc:subfield><marc:subfield code="2">larpcal</marc:subfield></marc:datafield><marc:datafield ind1=" " ind2="7" tag="650"><marc:subfield code="a">POL&#205;TICA</marc:subfield><marc:subfield code="z">BRASIL</marc:subfield><marc:subfield code="2">larpcal</marc:subfield></marc:datafield><marc:datafield ind1=" " ind2="7" tag="650"><marc:subfield code="a">MEM&#211;RIA</marc:subfield><marc:subfield code="2">larpcal</marc:subfield></marc:datafield><marc:datafield ind1="1" ind2=" " tag="700"><marc:subfield code="a">Marras, Stelio Alessandro</marc:subfield><marc:subfield code="4">orient</marc:subfield></marc:datafield><marc:datafield ind1="0" ind2=" " tag="856"><marc:subfield code="z">e-mail do autor</marc:subfield><marc:subfield code="u">mailto:lucas.nicola@usp.br</marc:subfield><marc:subfield code="3">E-mail do autor</marc:subfield></marc:datafield><marc:datafield ind1="4" ind2="1" tag="856"><marc:subfield code="z">Clicar sobre o bot&#227;o para acesso ao texto</marc:subfield><marc:subfield code="u">http://www.teses.usp.br/teses/disponiveis/31/31131/tde-12012015-182258/</marc:subfield><marc:subfield code="3">BDTD</marc:subfield></marc:datafield><marc:datafield ind1="0" ind2=" " tag="856"><marc:subfield code="z">e-mail do orientador</marc:subfield><marc:subfield code="u">mailto:smarras@usp.br</marc:subfield><marc:subfield code="3">E-mail do orientador</marc:subfield></marc:datafield><marc:datafield ind1=" " ind2=" " tag="940"><marc:subfield code="a">This research consists in, based on the idea of the king\\\'s double body and its political arrangements, read and analyze the historical interpretations and literary images of d. Pedro II produced in Brazil since the early 1920s, a tumultuous time of political and cultural life, until the early 1940s, period when the country was under the government of Get&#250;lio Vargas, in the times of Estado Novo. These two decades are full of meanings and memories; during these years, celebrations and historical marks were established for the until too young Brazilian nation. Analyze these works allows us to understand the way each author dealt with the ambiguity of the emperor, with the risk and the productivity of his policy. In this way, it is possible to understand how each author thought and criticized more than the Second Empire and its monarch, the republican regime itself. From theoretical approaches concerning the relationship between history and memory, various works are analyzed in an attempt to map out controversies that emerge in texts from various genres. This documents show clearly how the memory of the Emperor went through a series of disputes and debates; they also show how, in the context of its production, those interpretations acquired eminent political character. Furthermore, many of the problems raised in the studied period enable understandings about Brazilian political culture, including issues that reach our days. Think those elaborations and arrangements, their risks</marc:subfield></marc:datafield><marc:datafield ind1=" " ind2=" " tag="940"><marc:subfield code="a">and productivity, their memory and long duration; such are the main objectives of this research.</marc:subfield></marc:datafield><marc:datafield ind1=" " ind2=" " tag="945"><marc:subfield code="a">T</marc:subfield><marc:subfield code="b">TESE</marc:subfield><marc:subfield code="c">T</marc:subfield><marc:subfield code="i">27.11.2014</marc:subfield><marc:subfield code="j">2014</marc:subfield></marc:datafield><marc:datafield ind1=" " ind2=" " tag="946"><marc:subfield code="a">NICOLA, LUCAS SANTIAGO RODRIGUES DE</marc:subfield><marc:subfield code="b">5425201</marc:subfield><marc:subfield code="e">IEB</marc:subfield><marc:subfield code="f">INST DE ESTUDOS BRASILEIROS</marc:subfield><marc:subfield code="q">ME</marc:subfield><marc:subfield code="r">27.11.2014</marc:subfield><marc:subfield code="s">S</marc:subfield><marc:subfield code="o">2338320</marc:subfield></marc:datafield><marc:datafield ind1=" " ind2=" " tag="952"><marc:subfield code="a">History of Brazil</marc:subfield><marc:subfield code="f">Proveniente da Base Teses Digitais da USP</marc:subfield></marc:datafield><marc:datafield ind1=" " ind2=" " tag="952"><marc:subfield code="a">Historiography</marc:subfield><marc:subfield code="f">Proveniente da Base Teses Digitais da USP</marc:subfield></marc:datafield><marc:datafield ind1=" " ind2=" " tag="952"><marc:subfield code="a">First Republic (1889-1930)</marc:subfield><marc:subfield code="f">Proveniente da Base Teses Digitais da USP</marc:subfield></marc:datafield><marc:datafield ind1=" " ind2=" " tag="952"><marc:subfield code="a">Policy</marc:subfield><marc:subfield code="f">Proveniente da Base Teses Digitais da USP</marc:subfield></marc:datafield><marc:datafield ind1=" " ind2=" " tag="952"><marc:subfield code="a">Memory</marc:subfield><marc:subfield code="f">Proveniente da Base Teses Digitais da USP</marc:subfield></marc:datafield><marc:datafield ind1=" " ind2=" " tag="952"><marc:subfield code="a">Second Republic (1930-964)</marc:subfield><marc:subfield code="f">Proveniente da Base Teses Digitais da USP</marc:subfield></marc:datafield></marc:record>