<marc:record><marc:leader>00706nam   200217Ia 45  </marc:leader><marc:controlfield tag="005">20110814035700.0</marc:controlfield><marc:controlfield tag="008">      s1985    bl            000 0 por d</marc:controlfield><marc:datafield ind1=" " ind2=" " tag="040"><marc:subfield code="a">USP/SIBI</marc:subfield></marc:datafield><marc:datafield ind1="0" ind2=" " tag="041"><marc:subfield code="a">por</marc:subfield></marc:datafield><marc:datafield ind1=" " ind2=" " tag="044"><marc:subfield code="a">bl</marc:subfield></marc:datafield><marc:datafield ind1="0" ind2=" " tag="092"><marc:subfield code="a">980</marc:subfield></marc:datafield><marc:datafield ind1="1" ind2=" " tag="100"><marc:subfield code="a">Casas, Bartolom&#233; de las</marc:subfield><marc:subfield code="d">1474-1566</marc:subfield></marc:datafield><marc:datafield ind1="1" ind2="2" tag="245"><marc:subfield code="a">O para&#237;so destru&#237;do</marc:subfield><marc:subfield code="c">Bartolom&#233; de las Casas; tradu&#231;&#227;o de Heraldo Barbuy; apresenta&#231;&#227;o e notas de Eduardo Bueno</marc:subfield></marc:datafield><marc:datafield ind1=" " ind2=" " tag="250"><marc:subfield code="a">3.ed.</marc:subfield></marc:datafield><marc:datafield ind1=" " ind2=" " tag="260"><marc:subfield code="a">Porto Alegre</marc:subfield><marc:subfield code="b">L&amp;PM</marc:subfield><marc:subfield code="c">1985</marc:subfield></marc:datafield><marc:datafield ind1=" " ind2=" " tag="300"><marc:subfield code="a">150 p</marc:subfield><marc:subfield code="c">21 cm</marc:subfield></marc:datafield><marc:datafield ind1="0" ind2=" " tag="490"><marc:subfield code="a">L&amp;PM Hist&#243;ria</marc:subfield><marc:subfield code="v">v.1</marc:subfield><marc:subfield code="p">S&#233;rie Vis&#227;o dos Vencidos</marc:subfield></marc:datafield><marc:datafield ind1=" " ind2="7" tag="651"><marc:subfield code="a">AM&#201;RICA ESPANHOLA (HIST&#211;RIA)</marc:subfield><marc:subfield code="2">larpcal</marc:subfield></marc:datafield><marc:datafield ind1="1" ind2=" " tag="700"><marc:subfield code="a">Barbuy, Heraldo</marc:subfield><marc:subfield code="4">trad</marc:subfield><marc:subfield code="d">1913-1979</marc:subfield></marc:datafield><marc:datafield ind1="1" ind2=" " tag="700"><marc:subfield code="a">Bueno, Eduardo</marc:subfield><marc:subfield code="4">apres</marc:subfield></marc:datafield><marc:datafield ind1=" " ind2=" " tag="945"><marc:subfield code="a">L</marc:subfield><marc:subfield code="b">LIVRO</marc:subfield><marc:subfield code="c">01</marc:subfield></marc:datafield></marc:record>