<marc:record><marc:leader>03157nam  2200205Ia 4500</marc:leader><marc:controlfield tag="005">20200918225800.0</marc:controlfield><marc:controlfield tag="008">200220s2018    bl            000 0 por d</marc:controlfield><marc:datafield ind1=" " ind2=" " tag="020"><marc:subfield code="a">9788555920776</marc:subfield></marc:datafield><marc:datafield ind1=" " ind2=" " tag="040"><marc:subfield code="a">USP/AGUIA</marc:subfield></marc:datafield><marc:datafield ind1="0" ind2=" " tag="041"><marc:subfield code="a">por</marc:subfield></marc:datafield><marc:datafield ind1=" " ind2=" " tag="044"><marc:subfield code="a">bl</marc:subfield></marc:datafield><marc:datafield ind1="0" ind2="0" tag="245"><marc:subfield code="a">Filologia, cultura escrita e estudos culturais</marc:subfield><marc:subfield code="c">Alicia Duh&#225; Lose ...[et al.]</marc:subfield></marc:datafield><marc:datafield ind1=" " ind2=" " tag="260"><marc:subfield code="a">Feira de Santana</marc:subfield><marc:subfield code="b">UEFS</marc:subfield><marc:subfield code="c">2018</marc:subfield></marc:datafield><marc:datafield ind1=" " ind2=" " tag="300"><marc:subfield code="a">554 p</marc:subfield><marc:subfield code="c">22 cm</marc:subfield></marc:datafield><marc:datafield ind1="0" ind2=" " tag="505"><marc:subfield code="a">Lose, Alicia Duh&#225; ...[et al.]. Filologia, cultura escrita e estudos culturais em di&#225;logo -- Telles, C&#233;lia Marques. Documentos transladados nos Livros de Tombo -- Fagundes, Carla Cec&#237; R. ; Santos, Rosa Borges dos. A dramaturgia de Deolindo Checcucci: a organiza&#231;&#227;o de um acervo -- Duarte, Rosin&#234;s de Jesus. A pr&#225;xis filol&#243;gica e a rasura na hist&#243;ria: cenas de um teatro baiano produzido por mulheres -- Souza, D&#233;bora de ; Santos, Rosa Borges dos. Arquivo privado pessoal: constructo s&#243;cio-pol&#237;tico e pr&#225;tica de resist&#234;ncia --Gon&#231;alves, Eliana Correia Brand&#227;o. Documento de arquivos hist&#243;rico-culturais relativos &#224; Capitania da Bahia -- Neves, Eliana Sales Vieira. Autoria nas miniss&#233;ries televisivas -- Laranjeira, Antonio Eduardo Soares. Considera&#231;&#245;es sobre literatura e cultura pop: dos anos 1990 ao princ&#237;pio do s&#233;c. XXI -- Silva, Daianna Q. ;Costa, Gilma Souza. Dos estudos filol&#243;gicos e discursivos: primeiras an&#225;lises em alguns poemas de Castro Alves -- Santos, Antonia Vieira dos. Edi&#231;&#227;o de textos medievais portugueses e a hist&#243;ria da L&#237;ngua Portuguesa: algumas reflex&#245;es -- Moreira, Marcello; Rocha, Marin&#234;s de Jesus. Lachmmanismo: primeiras fontes no mundo lus&#243;fono -- Sartori, Ana. Na trilha das edi&#231;&#245;es dos Livros da Inquisi&#231;&#227;o no Brasil -- Lose, Alicia Duh&#225; ; Duarte, Rosin&#234;s de Jesus. O fil&#243;logo e o editor de textos: posturas e decis&#245;es -- Pereira, B&#225;rbara Bezerra de Santana; Almeida, Manoel Mourivaldo Santiago. O "sert&#227;o dos Toc&#243;s" pelo prisma filol&#243;gico: edi&#231;&#227;o de atas oitocentistas -- Pereira, Norma Suely da Silva. O Of&#237;cio Divino e outros aspectos da tradi&#231;&#227;o medieval em testamentos -- Silva, Gilson Antunes. Outras margens, velhas po&#233;ticas: autores valencianos, puls&#227;o cultural de amn&#233;sia e a urg&#234;ncia filol&#243;gica -- Barreiros, Liliane L. S.; Barreiros, Patr&#237;cio N.; Santiago, Stephanne da C. A trajet&#243;ria do escritor Eul&#225;lio Motta no caderno Farm&#225;cia S&#227;o Jos&#233; --</marc:subfield></marc:datafield><marc:datafield ind1="0" ind2=" " tag="505"><marc:subfield code="a">Santiago, Iago G.; Barreiros, Liliane L. S.; Barreiros, Patr&#237;cio N. Os itiner&#225;rios do jornalista Eul&#225;lio Motta no jornal Mundo Novo -- Rocha, Juliana Pereira; Barreiros, Patr&#237;cio Nunes. Eul&#225;lio Motta, o trovador -- Boaventura, Tain&#225; M. L. A. ; Barreiros, Patr&#237;cio N. Edi&#231;&#227;o do in&#233;dito Fl&#244;res e espinhos, de Eul&#225;lio Motta -- Jesus, Adilson Silva de; Souza, Em&#237;lia Helena P. M. de; Carneiro, Zenaide de O. N. Pr&#225;ticas de escrita de um fmailiar do Santo Of&#237;cio e seus descendentes na Bahia rural dos s&#233;culos XVIII e XIX: proposta de edi&#231;&#227;o do Livro do Gado -- Santos, Lucas de Jesus. Ijtihad e a interpreta&#231;&#227;o secular da filologia</marc:subfield></marc:datafield><marc:datafield ind1=" " ind2="7" tag="650"><marc:subfield code="a">FILOLOGIA</marc:subfield><marc:subfield code="x">ASPECTOS CULTURAIS</marc:subfield><marc:subfield code="2">larpcal</marc:subfield></marc:datafield><marc:datafield ind1=" " ind2="7" tag="650"><marc:subfield code="a">ARQUIVOS</marc:subfield><marc:subfield code="2">larpcal</marc:subfield></marc:datafield><marc:datafield ind1="1" ind2=" " tag="700"><marc:subfield code="a">Lose, Alicia Duh&#225;</marc:subfield><marc:subfield code="4">org</marc:subfield></marc:datafield><marc:datafield ind1=" " ind2=" " tag="945"><marc:subfield code="a">L</marc:subfield><marc:subfield code="b">LIVRO</marc:subfield><marc:subfield code="c">01</marc:subfield></marc:datafield></marc:record>