<marc:record><marc:leader>00621nam   200205Ia 45  </marc:leader><marc:controlfield tag="005">20110814025600.0</marc:controlfield><marc:controlfield tag="008">      s2004    bl            000 0 por d</marc:controlfield><marc:datafield ind1=" " ind2=" " tag="020"><marc:subfield code="a">8570380690</marc:subfield></marc:datafield><marc:datafield ind1=" " ind2=" " tag="040"><marc:subfield code="a">USP/SIBI</marc:subfield></marc:datafield><marc:datafield ind1="0" ind2=" " tag="041"><marc:subfield code="a">por</marc:subfield></marc:datafield><marc:datafield ind1=" " ind2=" " tag="044"><marc:subfield code="a">bl</marc:subfield></marc:datafield><marc:datafield ind1="0" ind2=" " tag="092"><marc:subfield code="a">301.44</marc:subfield></marc:datafield><marc:datafield ind1="1" ind2=" " tag="100"><marc:subfield code="a">Souza, Laura de Mello e</marc:subfield></marc:datafield><marc:datafield ind1="1" ind2="0" tag="245"><marc:subfield code="a">Desclassificados do ouro</marc:subfield><marc:subfield code="b">a pobreza mineira no s&#233;culo XVIII</marc:subfield><marc:subfield code="c">Laura de Mello e Souza</marc:subfield></marc:datafield><marc:datafield ind1=" " ind2=" " tag="250"><marc:subfield code="a">4. ed.</marc:subfield></marc:datafield><marc:datafield ind1=" " ind2=" " tag="260"><marc:subfield code="a">Rio De Janeiro</marc:subfield><marc:subfield code="b">Graal</marc:subfield><marc:subfield code="c">2004</marc:subfield></marc:datafield><marc:datafield ind1=" " ind2=" " tag="300"><marc:subfield code="a">323 p.</marc:subfield></marc:datafield><marc:datafield ind1=" " ind2="7" tag="650"><marc:subfield code="a">POBREZA (SOCIOLOGIA)</marc:subfield><marc:subfield code="y">S&#201;CULO 18</marc:subfield><marc:subfield code="z">MINAS GERAIS</marc:subfield><marc:subfield code="2">larpcal</marc:subfield></marc:datafield><marc:datafield ind1=" " ind2="7" tag="650"><marc:subfield code="a">CLASSES SOCIAIS</marc:subfield><marc:subfield code="y">S&#201;CULO 18</marc:subfield><marc:subfield code="z">MINAS GERAIS</marc:subfield><marc:subfield code="2">larpcal</marc:subfield></marc:datafield><marc:datafield ind1=" " ind2=" " tag="945"><marc:subfield code="a">L</marc:subfield><marc:subfield code="b">LIVRO</marc:subfield><marc:subfield code="c">01</marc:subfield></marc:datafield></marc:record>