<marc:record><marc:leader>01040cam  22003014a 45 0</marc:leader><marc:controlfield tag="005">$$a2005033007572</marc:controlfield><marc:controlfield tag="008">050112s2004    bl b     b    000 0 por c</marc:controlfield><marc:datafield ind1=" " ind2=" " tag="020"><marc:subfield code="a">8523500375 (Duas Cidades)</marc:subfield></marc:datafield><marc:datafield ind1=" " ind2=" " tag="020"><marc:subfield code="a">8573263067 (Editora 34)</marc:subfield></marc:datafield><marc:datafield ind1=" " ind2=" " tag="035"><marc:subfield code="a">(OCoLC)ocm57566418</marc:subfield></marc:datafield><marc:datafield ind1=" " ind2=" " tag="040"><marc:subfield code="a">YUS</marc:subfield><marc:subfield code="c">YUS</marc:subfield><marc:subfield code="d">OCLCQ</marc:subfield></marc:datafield><marc:datafield ind1="0" ind2=" " tag="041"><marc:subfield code="a">por</marc:subfield></marc:datafield><marc:datafield ind1=" " ind2=" " tag="042"><marc:subfield code="a">pcc</marc:subfield></marc:datafield><marc:datafield ind1=" " ind2=" " tag="044"><marc:subfield code="a">bl</marc:subfield></marc:datafield><marc:datafield ind1=" " ind2="4" tag="050"><marc:subfield code="a">PQ9697.R76</marc:subfield><marc:subfield code="b">G7378 2004</marc:subfield></marc:datafield><marc:datafield ind1="0" ind2="4" tag="082"><marc:subfield code="a">869.935</marc:subfield></marc:datafield><marc:datafield ind1="0" ind2=" " tag="092"><marc:subfield code="a">869.935</marc:subfield></marc:datafield><marc:datafield ind1="1" ind2=" " tag="100"><marc:subfield code="a">Bolle, Willi</marc:subfield><marc:subfield code="d">1944-</marc:subfield></marc:datafield><marc:datafield ind1="1" ind2="0" tag="245"><marc:subfield code="a">Grandesert&#227;o.br</marc:subfield><marc:subfield code="b">o romance de forma&#231;&#227;o do Brasil</marc:subfield><marc:subfield code="c">Willi Bolle</marc:subfield></marc:datafield><marc:datafield ind1=" " ind2=" " tag="260"><marc:subfield code="a">S&#227;o Paulo</marc:subfield><marc:subfield code="b">Duas Cidades</marc:subfield><marc:subfield code="b">Ed. 34</marc:subfield><marc:subfield code="c">2004</marc:subfield></marc:datafield><marc:datafield ind1=" " ind2=" " tag="300"><marc:subfield code="a">478 p</marc:subfield><marc:subfield code="b">maps</marc:subfield><marc:subfield code="c">21 cm</marc:subfield></marc:datafield><marc:datafield ind1="0" ind2=" " tag="490"><marc:subfield code="a">Esp&#237;rito cr&#237;tico</marc:subfield></marc:datafield><marc:datafield ind1=" " ind2=" " tag="504"><marc:subfield code="a">Includes bibliographical references (p. 447-474)</marc:subfield></marc:datafield><marc:datafield ind1=" " ind2=" " tag="590"><marc:subfield code="a">Na Biblioteca da FFLCH, o e. 4 pertence &#224; Cole&#231;&#227;o Antonio Candido</marc:subfield></marc:datafield><marc:datafield ind1="1" ind2="0" tag="600"><marc:subfield code="a">Rosa, Jo&#227;o Guimar&#227;es</marc:subfield><marc:subfield code="d">1908-1967</marc:subfield><marc:subfield code="3">Grande sert&#227;o</marc:subfield></marc:datafield><marc:datafield ind1=" " ind2="0" tag="650"><marc:subfield code="a">Brazilian literature</marc:subfield><marc:subfield code="y">20th century</marc:subfield><marc:subfield code="x">History and criticism</marc:subfield></marc:datafield><marc:datafield ind1=" " ind2="7" tag="650"><marc:subfield code="a">LITERATURA BRASILEIRA (CR&#205;TICA E INTERPRETA&#199;&#195;O)</marc:subfield><marc:subfield code="2">larpcal</marc:subfield></marc:datafield><marc:datafield ind1=" " ind2=" " tag="945"><marc:subfield code="a">L</marc:subfield><marc:subfield code="b">LIVRO</marc:subfield><marc:subfield code="c">01</marc:subfield></marc:datafield></marc:record>