<marc:record><marc:leader>02015nam  2200265Ia 4500</marc:leader><marc:controlfield tag="005">20200918223700.0</marc:controlfield><marc:controlfield tag="008">191016s2019    bl            000 0 por d</marc:controlfield><marc:datafield ind1="7" ind2=" " tag="024"><marc:subfield code="a">http://dx.doi.org/10.13102/lm.v10i1.4590</marc:subfield><marc:subfield code="2">DOI</marc:subfield></marc:datafield><marc:datafield ind1=" " ind2=" " tag="040"><marc:subfield code="a">USP/AGUIA</marc:subfield></marc:datafield><marc:datafield ind1="0" ind2=" " tag="041"><marc:subfield code="a">por</marc:subfield></marc:datafield><marc:datafield ind1=" " ind2=" " tag="044"><marc:subfield code="a">bl</marc:subfield></marc:datafield><marc:datafield ind1="1" ind2=" " tag="100"><marc:subfield code="a">Moraes, Marcos Antonio de</marc:subfield><marc:subfield code="0">http://orcid.org/0000-0001-7127-9254</marc:subfield></marc:datafield><marc:datafield ind1="1" ind2="0" tag="245"><marc:subfield code="a">Dossi&#234;: Acervos de escritores e suas correspond&#234;ncias</marc:subfield></marc:datafield><marc:datafield ind1=" " ind2=" " tag="260"><marc:subfield code="a">Feira de Santana</marc:subfield><marc:subfield code="c">2019</marc:subfield></marc:datafield><marc:datafield ind1=" " ind2=" " tag="300"><marc:subfield code="a">p. 7-10</marc:subfield></marc:datafield><marc:datafield ind1="1" ind2=" " tag="510"><marc:subfield code="a">Indexado no: Crosref</marc:subfield></marc:datafield><marc:datafield ind1=" " ind2=" " tag="520"><marc:subfield code="a">Os acervos de escritores s&#227;o labirintos complexos que apresentam diversos desafios aos pesquisadores. H&#225; a ilus&#227;o de que os documentos desses acervos s&#227;o organizados de modo hier&#225;rquico, mas quando ampliamos a escala de observa&#231;&#227;o notamos que existe sempre um rizoma complexo interligando os documentos. Seus pontos de conex&#227;o s&#227;o infinitos e extrapolam os limites do acervo, avan&#231;ando para outros espa&#231;os. No dossi&#234; Acervos de escritores e suas correspond&#234;ncias, a revista L&#233;gua &amp; Meia acolheu artigos que apresentam, problematizem ou analisem acervos de escritores, levando em considera&#231;&#227;o as m&#250;ltiplas rela&#231;&#245;es entre seus documentos, o di&#225;logo entre diferentes acervos ou as rela&#231;&#245;es dos acervos com outras fontes documentais</marc:subfield></marc:datafield><marc:datafield ind1=" " ind2="7" tag="650"><marc:subfield code="a">ACERVO</marc:subfield><marc:subfield code="2">larpcal</marc:subfield></marc:datafield><marc:datafield ind1=" " ind2="7" tag="650"><marc:subfield code="a">EPISTOLOGRAFIA</marc:subfield><marc:subfield code="2">larpcal</marc:subfield></marc:datafield><marc:datafield ind1=" " ind2="7" tag="656"><marc:subfield code="a">ESCRITORES</marc:subfield><marc:subfield code="2">larpcal</marc:subfield></marc:datafield><marc:datafield ind1="1" ind2=" " tag="700"><marc:subfield code="a">Barreiros, Patr&#237;cio Nunes</marc:subfield><marc:subfield code="0">https://orcid.org/0000-0003-1815-5126</marc:subfield><marc:subfield code="7">NAC</marc:subfield><marc:subfield code="8">Universidade Estadual de Feira de Santana</marc:subfield><marc:subfield code="9">Brasil</marc:subfield></marc:datafield><marc:datafield ind1="0" ind2=" " tag="773"><marc:subfield code="t">L&#233;gua &amp; Meia: Revista de Literatura e Diversidade Cultural</marc:subfield><marc:subfield code="d">Feira de Santana</marc:subfield><marc:subfield code="h">v. 10, n. 1, p. 7-10, 2019</marc:subfield><marc:subfield code="x">2177-0344; 1676-5095</marc:subfield></marc:datafield><marc:datafield ind1="4" ind2="1" tag="856"><marc:subfield code="z">"Clicar" sobre o bot&#227;o para acesso ao texto online</marc:subfield><marc:subfield code="u">http://dx.doi.org/10.13102/lm.v10i1.4590</marc:subfield><marc:subfield code="3">DOI</marc:subfield></marc:datafield><marc:datafield ind1=" " ind2=" " tag="945"><marc:subfield code="a">P</marc:subfield><marc:subfield code="b">ARTIGO DE PERIODICO</marc:subfield><marc:subfield code="c">01</marc:subfield><marc:subfield code="j">2019</marc:subfield><marc:subfield code="l">NACIONAL</marc:subfield></marc:datafield><marc:datafield ind1=" " ind2=" " tag="946"><marc:subfield code="a">MORAES, MARCOS ANTONIO DE</marc:subfield><marc:subfield code="b">2103606</marc:subfield><marc:subfield code="e">IEB</marc:subfield><marc:subfield code="f">INSTITUTO DE ESTUDOS BRASILEIROS</marc:subfield><marc:subfield code="g">IEB</marc:subfield><marc:subfield code="h">DIRETORIA INSTITUTO DE ESTUDOS BRASILEIROS</marc:subfield><marc:subfield code="i">RDIDP</marc:subfield><marc:subfield code="j">DOCENTE</marc:subfield><marc:subfield code="k">PROFESSOR DOUTOR</marc:subfield><marc:subfield code="l">80</marc:subfield><marc:subfield code="m">20081204</marc:subfield><marc:subfield code="n">20501231</marc:subfield></marc:datafield></marc:record>