<marc:record><marc:leader>00700nam   200241Ia 45  </marc:leader><marc:controlfield tag="005">20200622142200.0</marc:controlfield><marc:controlfield tag="008">041129s1991    bl o    r     000 0 por d</marc:controlfield><marc:datafield ind1=" " ind2=" " tag="020"><marc:subfield code="a">8527101629</marc:subfield></marc:datafield><marc:datafield ind1=" " ind2=" " tag="040"><marc:subfield code="a">USP/SIBI</marc:subfield></marc:datafield><marc:datafield ind1="0" ind2=" " tag="041"><marc:subfield code="a">por</marc:subfield><marc:subfield code="a">lat</marc:subfield></marc:datafield><marc:datafield ind1=" " ind2=" " tag="044"><marc:subfield code="a">bl</marc:subfield></marc:datafield><marc:datafield ind1="0" ind2=" " tag="092"><marc:subfield code="a">874.2</marc:subfield></marc:datafield><marc:datafield ind1="1" ind2=" " tag="100"><marc:subfield code="a">Catulo, Caio Val&#233;rio</marc:subfield><marc:subfield code="d">84-54 a.C.</marc:subfield></marc:datafield><marc:datafield ind1="1" ind2="2" tag="245"><marc:subfield code="a">O cancioneiro de L&#233;sbia</marc:subfield><marc:subfield code="c">Catulo</marc:subfield></marc:datafield><marc:datafield ind1=" " ind2=" " tag="260"><marc:subfield code="a">S&#227;o Paulo</marc:subfield><marc:subfield code="b">HUCITEC</marc:subfield><marc:subfield code="c">1991</marc:subfield></marc:datafield><marc:datafield ind1=" " ind2=" " tag="300"><marc:subfield code="a">132 p</marc:subfield><marc:subfield code="b">fots</marc:subfield><marc:subfield code="c">23,5 x 16,5 cm</marc:subfield></marc:datafield><marc:datafield ind1="1" ind2=" " tag="490"><marc:subfield code="a">Roma Gr&#233;cia</marc:subfield><marc:subfield code="v">v. 1</marc:subfield></marc:datafield><marc:datafield ind1="0" ind2=" " tag="505"><marc:subfield code="a">Edi&#231;&#227;o bil&#237;ngue.</marc:subfield></marc:datafield><marc:datafield ind1=" " ind2="7" tag="650"><marc:subfield code="a">LITERATURA CL&#193;SSICA</marc:subfield><marc:subfield code="2">larpcal</marc:subfield></marc:datafield><marc:datafield ind1=" " ind2="7" tag="650"><marc:subfield code="a">LITERATURA LATINA</marc:subfield><marc:subfield code="2">larpcal</marc:subfield></marc:datafield><marc:datafield ind1=" " ind2="7" tag="650"><marc:subfield code="a">POESIA L&#205;RICA</marc:subfield><marc:subfield code="2">larpcal</marc:subfield></marc:datafield><marc:datafield ind1="1" ind2=" " tag="700"><marc:subfield code="a">Vasconcellos, Paulo S&#233;rgio de</marc:subfield><marc:subfield code="d">1959-</marc:subfield><marc:subfield code="4">trad</marc:subfield></marc:datafield><marc:datafield ind1=" " ind2=" " tag="945"><marc:subfield code="a">L</marc:subfield><marc:subfield code="b">LIVRO</marc:subfield><marc:subfield code="c">01</marc:subfield></marc:datafield></marc:record>