<marc:record><marc:leader>01039nam   200277Ia 45  </marc:leader><marc:controlfield tag="005">20120822174300.0</marc:controlfield><marc:controlfield tag="008">      s2004    bl            000 0 por d</marc:controlfield><marc:datafield ind1=" " ind2=" " tag="020"><marc:subfield code="a">8527100347</marc:subfield></marc:datafield><marc:datafield ind1=" " ind2=" " tag="040"><marc:subfield code="a">USP/SIBI</marc:subfield></marc:datafield><marc:datafield ind1="0" ind2=" " tag="041"><marc:subfield code="a">por</marc:subfield></marc:datafield><marc:datafield ind1=" " ind2=" " tag="044"><marc:subfield code="a">bl</marc:subfield></marc:datafield><marc:datafield ind1="0" ind2=" " tag="092"><marc:subfield code="a">981.03</marc:subfield></marc:datafield><marc:datafield ind1="1" ind2=" " tag="100"><marc:subfield code="a">Mattos, Ilmar Rohloff de</marc:subfield><marc:subfield code="d">1944-</marc:subfield></marc:datafield><marc:datafield ind1="1" ind2="2" tag="245"><marc:subfield code="a">O tempo Saquarema</marc:subfield><marc:subfield code="b">a forma&#231;&#227;o do estado imperial</marc:subfield><marc:subfield code="c">Ilmar Rohloff de Mattos</marc:subfield></marc:datafield><marc:datafield ind1=" " ind2=" " tag="250"><marc:subfield code="a">5 ed</marc:subfield></marc:datafield><marc:datafield ind1=" " ind2=" " tag="260"><marc:subfield code="a">S&#227;o Paulo</marc:subfield><marc:subfield code="b">Hucitec</marc:subfield><marc:subfield code="c">2004</marc:subfield></marc:datafield><marc:datafield ind1=" " ind2=" " tag="300"><marc:subfield code="a">311 p</marc:subfield><marc:subfield code="c">21 cm</marc:subfield></marc:datafield><marc:datafield ind1="0" ind2=" " tag="490"><marc:subfield code="a">Cole&#231;&#227;o Estudos Hist&#243;ricos</marc:subfield><marc:subfield code="v">10</marc:subfield></marc:datafield><marc:datafield ind1=" " ind2=" " tag="500"><marc:subfield code="a">Originalmente apresentada como tese do autor (Doutorado - Departamento de Hist&#243;ria da Faculdade de Filosofia, Letras e Ci&#234;ncias humanas da Universidade de S&#227;o Paulo) em 1985</marc:subfield></marc:datafield><marc:datafield ind1=" " ind2=" " tag="500"><marc:subfield code="a">Pr&#234;mio Liter&#225;rio Nacional, 1986, G&#234;nero Hist&#243;ria - Instituto Nacional do Livro</marc:subfield></marc:datafield><marc:datafield ind1=" " ind2=" " tag="500"><marc:subfield code="a">Notas de rodap&#233;</marc:subfield></marc:datafield><marc:datafield ind1=" " ind2=" " tag="504"><marc:subfield code="a">Bibliografia</marc:subfield></marc:datafield><marc:datafield ind1=" " ind2="7" tag="650"><marc:subfield code="a">HIST&#211;RIA DO BRASIL</marc:subfield><marc:subfield code="2">larpcal</marc:subfield></marc:datafield><marc:datafield ind1=" " ind2="7" tag="650"><marc:subfield code="a">PRIMEIRO REINADO (1822-1831)</marc:subfield><marc:subfield code="2">larpcal</marc:subfield></marc:datafield><marc:datafield ind1=" " ind2="7" tag="650"><marc:subfield code="a">SEGUNDO REINADO (1840-1889)</marc:subfield><marc:subfield code="2">larpcal</marc:subfield></marc:datafield><marc:datafield ind1=" " ind2=" " tag="945"><marc:subfield code="a">L</marc:subfield><marc:subfield code="b">LIVRO</marc:subfield><marc:subfield code="c">01</marc:subfield></marc:datafield></marc:record>