<marc:record><marc:leader>01006nam   200253Ia 45  </marc:leader><marc:controlfield tag="005">20110814023400.0</marc:controlfield><marc:controlfield tag="008">      s2003    bl            000 0 por d</marc:controlfield><marc:datafield ind1=" " ind2=" " tag="020"><marc:subfield code="a">8521000626</marc:subfield></marc:datafield><marc:datafield ind1=" " ind2=" " tag="040"><marc:subfield code="a">USP/SIBI</marc:subfield></marc:datafield><marc:datafield ind1="0" ind2=" " tag="041"><marc:subfield code="a">por</marc:subfield></marc:datafield><marc:datafield ind1=" " ind2=" " tag="044"><marc:subfield code="a">bl</marc:subfield></marc:datafield><marc:datafield ind1="0" ind2=" " tag="092"><marc:subfield code="a">869.915</marc:subfield></marc:datafield><marc:datafield ind1="1" ind2=" " tag="100"><marc:subfield code="a">Andrade, Carlos Drummond de</marc:subfield><marc:subfield code="d">1902-1987</marc:subfield></marc:datafield><marc:datafield ind1="1" ind2="0" tag="245"><marc:subfield code="a">Poesia completa</marc:subfield><marc:subfield code="b">conforme as disposi&#231;&#245;es do autor</marc:subfield><marc:subfield code="c">fixa&#231;&#227;o de textos e notas de Gilberto Mendon&#231;a Teles; introdu&#231;&#227;o de Silviano Santiago</marc:subfield></marc:datafield><marc:datafield ind1=" " ind2=" " tag="260"><marc:subfield code="a">Rio de Janeiro</marc:subfield><marc:subfield code="b">Nova Aguilar</marc:subfield><marc:subfield code="c">2003</marc:subfield></marc:datafield><marc:datafield ind1=" " ind2=" " tag="300"><marc:subfield code="a">xcviii, 1599 p.</marc:subfield><marc:subfield code="b">front. retr.</marc:subfield><marc:subfield code="c">19 cm</marc:subfield></marc:datafield><marc:datafield ind1="0" ind2=" " tag="490"><marc:subfield code="a">Biblioteca luso-brasileira</marc:subfield><marc:subfield code="a">S&#233;rie brasileira</marc:subfield></marc:datafield><marc:datafield ind1=" " ind2=" " tag="500"><marc:subfield code="a">Ap&#234;ndice</marc:subfield></marc:datafield><marc:datafield ind1=" " ind2=" " tag="504"><marc:subfield code="a">Bibliografia</marc:subfield></marc:datafield><marc:datafield ind1=" " ind2=" " tag="505"><marc:subfield code="a">Conte&#250;do: Introdu&#231;&#227;o geral: Nota editorial; Introdu&#231;&#227;o; Fortuna Cr&#237;tica; Cronologia da vida e da obra; Reportagem iconogr&#225;fica -- Poesia -- Dispersos</marc:subfield></marc:datafield><marc:datafield ind1=" " ind2="7" tag="650"><marc:subfield code="a">POESIA</marc:subfield><marc:subfield code="y">S&#201;CULO 20</marc:subfield><marc:subfield code="z">BRASIL</marc:subfield><marc:subfield code="2">larpcal</marc:subfield></marc:datafield><marc:datafield ind1="1" ind2=" " tag="700"><marc:subfield code="a">Teles, Gilberto Mendon&#231;a</marc:subfield><marc:subfield code="4">notas</marc:subfield></marc:datafield><marc:datafield ind1="1" ind2=" " tag="700"><marc:subfield code="a">Santiago, Silviano</marc:subfield><marc:subfield code="4">introd.</marc:subfield></marc:datafield><marc:datafield ind1=" " ind2=" " tag="945"><marc:subfield code="a">L</marc:subfield><marc:subfield code="b">LIVRO</marc:subfield><marc:subfield code="c">01</marc:subfield></marc:datafield></marc:record>