<marc:record><marc:leader>01327cam  2200385 a 45 0</marc:leader><marc:controlfield tag="005">$$a2004050309472</marc:controlfield><marc:controlfield tag="008">980320s1998    fr a     b    000 0 por c</marc:controlfield><marc:datafield ind1=" " ind2=" " tag="020"><marc:subfield code="a">8489666326</marc:subfield></marc:datafield><marc:datafield ind1=" " ind2=" " tag="035"><marc:subfield code="a">(OCoLC)ocm40916116</marc:subfield></marc:datafield><marc:datafield ind1=" " ind2=" " tag="040"><marc:subfield code="a">HLS</marc:subfield><marc:subfield code="c">HLS</marc:subfield><marc:subfield code="d">IQU</marc:subfield><marc:subfield code="d">TZT</marc:subfield></marc:datafield><marc:datafield ind1="0" ind2=" " tag="041"><marc:subfield code="a">por</marc:subfield></marc:datafield><marc:datafield ind1=" " ind2=" " tag="042"><marc:subfield code="a">pcc</marc:subfield></marc:datafield><marc:datafield ind1=" " ind2=" " tag="044"><marc:subfield code="a">bl</marc:subfield></marc:datafield><marc:datafield ind1=" " ind2="4" tag="050"><marc:subfield code="a">PQ9697.B27</marc:subfield><marc:subfield code="b">A6 1998</marc:subfield></marc:datafield><marc:datafield ind1="-" ind2="7" tag="072"><marc:subfield code="a">PQ</marc:subfield><marc:subfield code="2">lcco</marc:subfield></marc:datafield><marc:datafield ind1="1" ind2="4" tag="082"><marc:subfield code="a">860</marc:subfield><marc:subfield code="2">1</marc:subfield></marc:datafield><marc:datafield ind1="0" ind2=" " tag="092"><marc:subfield code="a">869.915</marc:subfield></marc:datafield><marc:datafield ind1="1" ind2=" " tag="100"><marc:subfield code="a">Bandeira, Manuel</marc:subfield><marc:subfield code="d">1886-1968</marc:subfield></marc:datafield><marc:datafield ind1="1" ind2="0" tag="240"><marc:subfield code="a">Libertinagem</marc:subfield></marc:datafield><marc:datafield ind1="1" ind2="0" tag="245"><marc:subfield code="a">Libertinagem</marc:subfield><marc:subfield code="b">Estrela da manh&#227; : edi&#231;&#227;o cr&#237;tica</marc:subfield><marc:subfield code="c">Manuel Bandeira ; coordena&#231;&#227;o de Giulia Lanciani</marc:subfield></marc:datafield><marc:datafield ind1="3" ind2=" " tag="246"><marc:subfield code="a">Libertinagem ; Estrela da manh&#227;</marc:subfield></marc:datafield><marc:datafield ind1=" " ind2=" " tag="250"><marc:subfield code="a">1. ed</marc:subfield></marc:datafield><marc:datafield ind1=" " ind2=" " tag="260"><marc:subfield code="a">[Paris]</marc:subfield><marc:subfield code="a">Nanterre</marc:subfield><marc:subfield code="b">Edi&#231;&#245;es UNESCO</marc:subfield><marc:subfield code="b">ALLCA XX, Universit&#233; de Paris X</marc:subfield><marc:subfield code="c">1998</marc:subfield></marc:datafield><marc:datafield ind1=" " ind2=" " tag="300"><marc:subfield code="a">lvii, 781 p.</marc:subfield><marc:subfield code="b">ill.</marc:subfield><marc:subfield code="c">25 cm</marc:subfield></marc:datafield><marc:datafield ind1="1" ind2=" " tag="490"><marc:subfield code="a">Cole&#231;&#227;o Archivos</marc:subfield><marc:subfield code="v">33</marc:subfield></marc:datafield><marc:datafield ind1=" " ind2=" " tag="504"><marc:subfield code="a">Includes bibliographical references (p. 769-781)</marc:subfield></marc:datafield><marc:datafield ind1="1" ind2="0" tag="600"><marc:subfield code="a">Bandeira, Manuel</marc:subfield><marc:subfield code="d">1886-1968</marc:subfield><marc:subfield code="3">Libertinagem</marc:subfield></marc:datafield><marc:datafield ind1="1" ind2="0" tag="600"><marc:subfield code="a">Bandeira, Manuel</marc:subfield><marc:subfield code="d">1886-1968</marc:subfield><marc:subfield code="3">Estrela da manh&#227;</marc:subfield></marc:datafield><marc:datafield ind1=" " ind2="7" tag="650"><marc:subfield code="a">POESIA (CR&#205;TICA E INTERPRETA&#199;&#195;O)</marc:subfield><marc:subfield code="y">S&#201;CULO 20</marc:subfield><marc:subfield code="z">BRASIL</marc:subfield><marc:subfield code="2">larpcal</marc:subfield></marc:datafield><marc:datafield ind1=" " ind2=" " tag="653"><marc:subfield code="a">Brazilian poetry</marc:subfield><marc:subfield code="a">XXth century</marc:subfield></marc:datafield><marc:datafield ind1="1" ind2=" " tag="700"><marc:subfield code="a">Lanciani, Giulia</marc:subfield><marc:subfield code="4">coord</marc:subfield></marc:datafield><marc:datafield ind1="1" ind2="2" tag="700"><marc:subfield code="a">Bandeira, Manuel</marc:subfield><marc:subfield code="d">1886-1968</marc:subfield><marc:subfield code="3">Estrela da manh&#227;</marc:subfield></marc:datafield><marc:datafield ind1="0" ind2="2" tag="740"><marc:subfield code="a">Estrela da manh&#227;</marc:subfield></marc:datafield><marc:datafield ind1=" " ind2="0" tag="830"><marc:subfield code="a">Coleccin Archivos</marc:subfield><marc:subfield code="v">33</marc:subfield></marc:datafield><marc:datafield ind1=" " ind2=" " tag="945"><marc:subfield code="a">L</marc:subfield><marc:subfield code="b">LIVRO</marc:subfield><marc:subfield code="c">01</marc:subfield></marc:datafield></marc:record>