<marc:record><marc:leader>02495nab   200433Ia 45  </marc:leader><marc:controlfield tag="005">20160824151400.0</marc:controlfield><marc:controlfield tag="008">160818s2015    bl            000 0 por d</marc:controlfield><marc:datafield ind1=" " ind2=" " tag="040"><marc:subfield code="a">USP/SIBI</marc:subfield></marc:datafield><marc:datafield ind1="0" ind2=" " tag="041"><marc:subfield code="a">por</marc:subfield></marc:datafield><marc:datafield ind1=" " ind2=" " tag="044"><marc:subfield code="a">bl</marc:subfield></marc:datafield><marc:datafield ind1="1" ind2=" " tag="100"><marc:subfield code="a">Fiori, Ana Let&#237;cia de</marc:subfield><marc:subfield code="4">entrev</marc:subfield><marc:subfield code="5">(*)</marc:subfield></marc:datafield><marc:datafield ind1="1" ind2="0" tag="245"><marc:subfield code="a">Sobre modos de se pensar e fazer antropologia</marc:subfield><marc:subfield code="b">entrevista com Marilyn Strathern</marc:subfield></marc:datafield><marc:datafield ind1=" " ind2=" " tag="260"><marc:subfield code="a">S&#227;o Paulo</marc:subfield><marc:subfield code="c">2015</marc:subfield></marc:datafield><marc:datafield ind1=" " ind2=" " tag="300"><marc:subfield code="a">[14 p.]</marc:subfield></marc:datafield><marc:datafield ind1=" " ind2=" " tag="590"><marc:subfield code="a">Professor da FFLCH como entrevistador</marc:subfield></marc:datafield><marc:datafield ind1=" " ind2=" " tag="500"><marc:subfield code="a">Dispon&#237;vel em &lt;http://pontourbe.revues.org/2969&gt;. Acesso em: 18 ago. 2016</marc:subfield></marc:datafield><marc:datafield ind1="1" ind2="7" tag="600"><marc:subfield code="a">Strathern, Marilyn</marc:subfield><marc:subfield code="d">1941-</marc:subfield><marc:subfield code="2">larpcal</marc:subfield></marc:datafield><marc:datafield ind1=" " ind2="7" tag="650"><marc:subfield code="a">ANTROPOLOGIA</marc:subfield><marc:subfield code="z">INGLATERRA</marc:subfield><marc:subfield code="2">larpcal</marc:subfield></marc:datafield><marc:datafield ind1=" " ind2="7" tag="650"><marc:subfield code="a">PERSPECTIVISMO</marc:subfield><marc:subfield code="2">larpcal</marc:subfield></marc:datafield><marc:datafield ind1=" " ind2="7" tag="650"><marc:subfield code="a">SOCIOLOGIA</marc:subfield><marc:subfield code="2">larpcal</marc:subfield></marc:datafield><marc:datafield ind1=" " ind2="7" tag="650"><marc:subfield code="a">ANTROPOLOGIA CULTURAL E SOCIAL</marc:subfield><marc:subfield code="2">larpcal</marc:subfield></marc:datafield><marc:datafield ind1="1" ind2=" " tag="700"><marc:subfield code="a">Sert&#227;, Ana Lu&#237;sa</marc:subfield><marc:subfield code="4">entrev</marc:subfield><marc:subfield code="5">(*)</marc:subfield></marc:datafield><marc:datafield ind1="1" ind2=" " tag="700"><marc:subfield code="a">Ferrari, Flor&#234;ncia</marc:subfield><marc:subfield code="4">entrev</marc:subfield><marc:subfield code="5">(*)</marc:subfield></marc:datafield><marc:datafield ind1="1" ind2=" " tag="700"><marc:subfield code="a">Dulley, Iracema</marc:subfield><marc:subfield code="4">entrev</marc:subfield><marc:subfield code="5">(*)</marc:subfield></marc:datafield><marc:datafield ind1="1" ind2=" " tag="700"><marc:subfield code="a">Dias, Jamille Pinheiro</marc:subfield><marc:subfield code="4">entrev</marc:subfield><marc:subfield code="5">(*)</marc:subfield></marc:datafield><marc:datafield ind1="1" ind2=" " tag="700"><marc:subfield code="a">Ferrite, Kiko</marc:subfield><marc:subfield code="4">entrev</marc:subfield><marc:subfield code="5">(*)</marc:subfield></marc:datafield><marc:datafield ind1="1" ind2=" " tag="700"><marc:subfield code="a">Valentini, Lu&#237;sa</marc:subfield><marc:subfield code="4">entrev</marc:subfield><marc:subfield code="5">(*)</marc:subfield></marc:datafield><marc:datafield ind1="1" ind2=" " tag="700"><marc:subfield code="a">Sztutman, Renato</marc:subfield><marc:subfield code="4">entrev</marc:subfield></marc:datafield><marc:datafield ind1="1" ind2=" " tag="700"><marc:subfield code="a">Nascimento, Silvana de Souza</marc:subfield><marc:subfield code="4">entrev</marc:subfield></marc:datafield><marc:datafield ind1="1" ind2=" " tag="700"><marc:subfield code="a">Marras, Stelio Alessandro</marc:subfield><marc:subfield code="4">entrev</marc:subfield></marc:datafield><marc:datafield ind1="0" ind2=" " tag="773"><marc:subfield code="t">Ponto Urbe</marc:subfield><marc:subfield code="d">S&#227;o Paulo</marc:subfield><marc:subfield code="h">n. 17, [14 p.], 2015</marc:subfield><marc:subfield code="x">1981-3341</marc:subfield></marc:datafield><marc:datafield ind1="4" ind2="1" tag="856"><marc:subfield code="z">"Clicar" sobre o bot&#227;o para acesso ao texto completo</marc:subfield><marc:subfield code="u">http://pontourbe.revues.org/2969</marc:subfield><marc:subfield code="3">Documento Completo</marc:subfield></marc:datafield><marc:datafield ind1="4" ind2="1" tag="856"><marc:subfield code="z">"Clicar" sobre o bot&#227;o para acesso ao Curr&#237;culo Lattes de Renato Sztutman</marc:subfield><marc:subfield code="u">http://buscatextual.cnpq.br/buscatextual/visualizacv.do?id=K4761271T6</marc:subfield><marc:subfield code="3">Curr&#237;culo Lattes</marc:subfield></marc:datafield><marc:datafield ind1="4" ind2="1" tag="856"><marc:subfield code="z">"Clicar" sobre o bot&#227;o para acesso ao Curr&#237;culo Lattes de Silvana de Souza Nascimento</marc:subfield><marc:subfield code="u">http://lattes.cnpq.br/0383359382532310</marc:subfield><marc:subfield code="3">Curr&#237;culo Lattes</marc:subfield></marc:datafield><marc:datafield ind1="4" ind2="1" tag="856"><marc:subfield code="z">"Clicar" sobre o bot&#227;o para acesso ao Curr&#237;culo Lattes de Stelio Marras</marc:subfield><marc:subfield code="u">http://buscatextual.cnpq.br/buscatextual/visualizacv.do?id=B550398</marc:subfield><marc:subfield code="3">Curr&#237;culo Lattes</marc:subfield></marc:datafield><marc:datafield ind1=" " ind2=" " tag="945"><marc:subfield code="a">P</marc:subfield><marc:subfield code="b">OUTROS</marc:subfield><marc:subfield code="c">43</marc:subfield><marc:subfield code="j">2015</marc:subfield><marc:subfield code="l">NACIONAL</marc:subfield></marc:datafield><marc:datafield ind1=" " ind2=" " tag="946"><marc:subfield code="a">SZTUTMAN, RENATO</marc:subfield><marc:subfield code="b">2005990</marc:subfield><marc:subfield code="e">FFLCH</marc:subfield><marc:subfield code="f">FAC DE FILOSOFIA, LETRAS E CI&#202;NCIAS HUMANAS</marc:subfield><marc:subfield code="g">FLA</marc:subfield><marc:subfield code="h">ANTROPOLOGIA</marc:subfield><marc:subfield code="i">RDIDP</marc:subfield><marc:subfield code="j">DOCENTE</marc:subfield><marc:subfield code="k">PROFESSOR DOUTOR</marc:subfield><marc:subfield code="l">80</marc:subfield><marc:subfield code="m">20080528</marc:subfield><marc:subfield code="n">20501231</marc:subfield></marc:datafield><marc:datafield ind1=" " ind2=" " tag="946"><marc:subfield code="a">NASCIMENTO, SILVANA DE SOUZA</marc:subfield><marc:subfield code="b">2338397</marc:subfield><marc:subfield code="e">FFLCH</marc:subfield><marc:subfield code="f">FAC DE FILOSOFIA, LETRAS E CI&#202;NCIAS HUMANAS</marc:subfield><marc:subfield code="g">FLA</marc:subfield><marc:subfield code="h">ANTROPOLOGIA</marc:subfield><marc:subfield code="i">RDIDP</marc:subfield><marc:subfield code="j">DOCENTE</marc:subfield><marc:subfield code="k">PROFESSOR DOUTOR</marc:subfield><marc:subfield code="l">80</marc:subfield><marc:subfield code="m">20130805</marc:subfield><marc:subfield code="n">20501231</marc:subfield></marc:datafield><marc:datafield ind1=" " ind2=" " tag="946"><marc:subfield code="a">MARRAS, STELIO ALESSANDRO</marc:subfield><marc:subfield code="b">2338320</marc:subfield><marc:subfield code="e">IEB</marc:subfield><marc:subfield code="f">INST DE ESTUDOS BRASILEIROS</marc:subfield><marc:subfield code="g">IEB</marc:subfield><marc:subfield code="h">DIRETORIA INSTITUTO DE ESTUDOS BRASILEIROS</marc:subfield><marc:subfield code="i">RDIDP</marc:subfield><marc:subfield code="j">DOCENTE</marc:subfield><marc:subfield code="k">PROFESSOR DOUTOR</marc:subfield><marc:subfield code="l">80</marc:subfield><marc:subfield code="m">20100512</marc:subfield><marc:subfield code="n">20501231</marc:subfield></marc:datafield></marc:record>