<marc:record><marc:leader>01025nam  2200229Ia 4500</marc:leader><marc:controlfield tag="005">20140108144800.0</marc:controlfield><marc:controlfield tag="008">140108s2013    bl            000 0 por d</marc:controlfield><marc:datafield ind1=" " ind2=" " tag="020"><marc:subfield code="a">9788520934234</marc:subfield></marc:datafield><marc:datafield ind1=" " ind2=" " tag="020"><marc:subfield code="a">9788520934241</marc:subfield></marc:datafield><marc:datafield ind1=" " ind2=" " tag="040"><marc:subfield code="a">USP/SIBI</marc:subfield></marc:datafield><marc:datafield ind1="0" ind2=" " tag="041"><marc:subfield code="a">por</marc:subfield></marc:datafield><marc:datafield ind1=" " ind2=" " tag="044"><marc:subfield code="a">bl</marc:subfield></marc:datafield><marc:datafield ind1="0" ind2=" " tag="092"><marc:subfield code="a">869.915</marc:subfield></marc:datafield><marc:datafield ind1="1" ind2=" " tag="100"><marc:subfield code="a">Andrade, M&#225;rio de</marc:subfield><marc:subfield code="d">1893-1945</marc:subfield></marc:datafield><marc:datafield ind1="1" ind2="0" tag="245"><marc:subfield code="a">Poesias completas</marc:subfield><marc:subfield code="c">M&#225;rio de Andrade ; edi&#231;&#227;o de texto apurado, anotada e acrescida de documentos por Tatiana Longo Figueiredo e Tel&#234; Ancona Lopez</marc:subfield></marc:datafield><marc:datafield ind1=" " ind2=" " tag="260"><marc:subfield code="a">Rio de Janeiro</marc:subfield><marc:subfield code="b">Nova Fronteira</marc:subfield><marc:subfield code="c">2013</marc:subfield></marc:datafield><marc:datafield ind1=" " ind2=" " tag="300"><marc:subfield code="a">2 v</marc:subfield><marc:subfield code="c">21 cm</marc:subfield></marc:datafield><marc:datafield ind1="0" ind2=" " tag="505"><marc:subfield code="a">v.1. Pauliceia desvairada; Losango caqui ou Afetos militares de mistura com os porqu&#234;s de eu saber alem&#227;o; Cl&#227; do jabuti ; Remate de males; A costela do gr&#227; c&#227;o; Livro azul; O carro da mis&#233;ria; Lira paulistana; Caf&#233; -- v.2. Dossi&#234;, edi&#231;&#245;es e manuscritos; Poesias in&#233;ditas e esparsas</marc:subfield></marc:datafield><marc:datafield ind1=" " ind2="7" tag="650"><marc:subfield code="a">POESIA</marc:subfield><marc:subfield code="y">S&#201;CULO 20</marc:subfield><marc:subfield code="z">BRASIL</marc:subfield><marc:subfield code="2">larpcal</marc:subfield></marc:datafield><marc:datafield ind1="1" ind2=" " tag="700"><marc:subfield code="a">Lopez, Tel&#234; Ancona</marc:subfield><marc:subfield code="4">ed</marc:subfield></marc:datafield><marc:datafield ind1="1" ind2=" " tag="700"><marc:subfield code="a">Figueiredo, Tatiana Longo</marc:subfield><marc:subfield code="4">ed</marc:subfield></marc:datafield><marc:datafield ind1=" " ind2=" " tag="945"><marc:subfield code="a">L</marc:subfield><marc:subfield code="b">LIVRO</marc:subfield><marc:subfield code="c">01</marc:subfield></marc:datafield></marc:record>