<marc:record><marc:leader>00770nam  2200229Ia 45e0</marc:leader><marc:controlfield tag="005">$$a2002111908144</marc:controlfield><marc:controlfield tag="008">020219s2001    bl       b    000 0 por d</marc:controlfield><marc:datafield ind1=" " ind2=" " tag="020"><marc:subfield code="a">8522503516</marc:subfield></marc:datafield><marc:datafield ind1=" " ind2=" " tag="035"><marc:subfield code="a">(OCoLC)ocm49039704</marc:subfield></marc:datafield><marc:datafield ind1=" " ind2=" " tag="040"><marc:subfield code="a">OUN</marc:subfield><marc:subfield code="c">OUN</marc:subfield></marc:datafield><marc:datafield ind1="0" ind2=" " tag="041"><marc:subfield code="a">por</marc:subfield></marc:datafield><marc:datafield ind1=" " ind2=" " tag="044"><marc:subfield code="a">bl</marc:subfield></marc:datafield><marc:datafield ind1=" " ind2=" " tag="090"><marc:subfield code="a">PQ9697.A53</marc:subfield><marc:subfield code="b">Z83 2001x</marc:subfield></marc:datafield><marc:datafield ind1="1" ind2=" " tag="100"><marc:subfield code="a">Rodrigues, Antonio Edmilson Martins</marc:subfield></marc:datafield><marc:datafield ind1="1" ind2="0" tag="245"><marc:subfield code="a">Jos&#233; de Alencar</marc:subfield><marc:subfield code="b">o poeta armado do s&#233;culo XIX</marc:subfield><marc:subfield code="c">Antonio Edmilson Martins Rodrigues</marc:subfield></marc:datafield><marc:datafield ind1=" " ind2=" " tag="260"><marc:subfield code="a">Rio de Janeiro</marc:subfield><marc:subfield code="b">Editora FGV</marc:subfield><marc:subfield code="c">2001</marc:subfield></marc:datafield><marc:datafield ind1=" " ind2=" " tag="300"><marc:subfield code="a">154 p</marc:subfield><marc:subfield code="c">23 cm</marc:subfield></marc:datafield><marc:datafield ind1=" " ind2="0" tag="440"><marc:subfield code="a">Os Que Fazem a Histria</marc:subfield></marc:datafield><marc:datafield ind1=" " ind2=" " tag="504"><marc:subfield code="a">Includes bibliographical references (p. [151]-154)</marc:subfield></marc:datafield><marc:datafield ind1="1" ind2="7" tag="600"><marc:subfield code="a">Alencar, Jos&#233; Martiniano de</marc:subfield><marc:subfield code="d">1829-1877</marc:subfield></marc:datafield><marc:datafield ind1=" " ind2="7" tag="650"><marc:subfield code="a">LITERATURA BRASILEIRA (CR&#205;TICA E INTERPRETA&#199;&#195;O)</marc:subfield><marc:subfield code="2">larpcal</marc:subfield></marc:datafield><marc:datafield ind1=" " ind2=" " tag="945"><marc:subfield code="a">L</marc:subfield><marc:subfield code="b">LIVRO</marc:subfield><marc:subfield code="c">01</marc:subfield></marc:datafield></marc:record>