<marc:record><marc:leader>01223cam 22000337a 4450 </marc:leader><marc:controlfield tag="005">$$a2002062514164</marc:controlfield><marc:controlfield tag="008">990429s1998 bl b 000 0 por              </marc:controlfield><marc:datafield ind1=" " ind2=" " tag="010"><marc:subfield code="a">99884616</marc:subfield></marc:datafield><marc:datafield ind1=" " ind2=" " tag="020"><marc:subfield code="a">8571392196 (Ed. Unesp)</marc:subfield></marc:datafield><marc:datafield ind1=" " ind2=" " tag="020"><marc:subfield code="a">8528301362 (Educ)</marc:subfield></marc:datafield><marc:datafield ind1=" " ind2=" " tag="035"><marc:subfield code="a">(OCoLC)ocm41285235</marc:subfield></marc:datafield><marc:datafield ind1=" " ind2=" " tag="040"><marc:subfield code="a">DLC</marc:subfield><marc:subfield code="c">DLC</marc:subfield></marc:datafield><marc:datafield ind1="0" ind2=" " tag="041"><marc:subfield code="a">por</marc:subfield></marc:datafield><marc:datafield ind1=" " ind2=" " tag="042"><marc:subfield code="a">lcode</marc:subfield></marc:datafield><marc:datafield ind1=" " ind2=" " tag="043"><marc:subfield code="a">s-bl---</marc:subfield></marc:datafield><marc:datafield ind1=" " ind2=" " tag="044"><marc:subfield code="a">bl</marc:subfield></marc:datafield><marc:datafield ind1="0" ind2="0" tag="050"><marc:subfield code="a">F2651.S29</marc:subfield><marc:subfield code="b">A23 1998</marc:subfield></marc:datafield><marc:datafield ind1="0" ind2=" " tag="092"><marc:subfield code="a">305.80981411</marc:subfield></marc:datafield><marc:datafield ind1="1" ind2=" " tag="100"><marc:subfield code="a">Bernardo, Teresinha</marc:subfield></marc:datafield><marc:datafield ind1="1" ind2="0" tag="245"><marc:subfield code="a">Mem&#243;ria em branco e negro</marc:subfield><marc:subfield code="b">olhares sobre S&#227;o Paulo</marc:subfield><marc:subfield code="c">Teresinha Bernardo</marc:subfield></marc:datafield><marc:datafield ind1=" " ind2=" " tag="260"><marc:subfield code="a">S&#227;o Paulo</marc:subfield><marc:subfield code="b">EDUC</marc:subfield><marc:subfield code="c">1998</marc:subfield><marc:subfield code="b">FAPESP</marc:subfield><marc:subfield code="b">Editora Unesp Funda&#231;&#227;o</marc:subfield></marc:datafield><marc:datafield ind1=" " ind2=" " tag="300"><marc:subfield code="a">207 p.</marc:subfield><marc:subfield code="c">23 cm</marc:subfield></marc:datafield><marc:datafield ind1=" " ind2=" " tag="500"><marc:subfield code="a">Originally presented as the author\'s thesis (doctoral)--Pontif&#237;cia Universidade Cat&#243;lica de S&#227;o Paulo</marc:subfield></marc:datafield><marc:datafield ind1=" " ind2=" " tag="504"><marc:subfield code="a">Includes bibliographical references (p. [199]-207)</marc:subfield></marc:datafield><marc:datafield ind1=" " ind2="0" tag="650"><marc:subfield code="a">Blacks</marc:subfield><marc:subfield code="z">Brazil</marc:subfield><marc:subfield code="z">S&#227;o Paulo</marc:subfield><marc:subfield code="x">Social conditions</marc:subfield></marc:datafield><marc:datafield ind1=" " ind2="0" tag="650"><marc:subfield code="a">Italians</marc:subfield><marc:subfield code="z">Brazil</marc:subfield><marc:subfield code="z">S&#227;o Paulo</marc:subfield><marc:subfield code="x">History</marc:subfield><marc:subfield code="y">20th century</marc:subfield></marc:datafield><marc:datafield ind1=" " ind2="0" tag="650"><marc:subfield code="a">Immigrants</marc:subfield><marc:subfield code="z">Brazil</marc:subfield><marc:subfield code="z">S&#227;o Paulo</marc:subfield><marc:subfield code="x">History</marc:subfield><marc:subfield code="y">20th century</marc:subfield></marc:datafield><marc:datafield ind1=" " ind2="0" tag="650"><marc:subfield code="a">Oral history</marc:subfield></marc:datafield><marc:datafield ind1=" " ind2="7" tag="650"><marc:subfield code="a">NEGROS (CONDIC&#213;ES SOCIAIS)</marc:subfield><marc:subfield code="z">S&#195;O PAULO</marc:subfield><marc:subfield code="2">larpcal</marc:subfield></marc:datafield><marc:datafield ind1=" " ind2="7" tag="650"><marc:subfield code="a">IMIGRANTE (CONDIC&#213;ES SOCIAIS)</marc:subfield><marc:subfield code="z">S&#195;O PAULO</marc:subfield><marc:subfield code="2">larpcal</marc:subfield></marc:datafield><marc:datafield ind1=" " ind2=" " tag="945"><marc:subfield code="a">L</marc:subfield><marc:subfield code="b">LIVRO</marc:subfield><marc:subfield code="c">01</marc:subfield></marc:datafield></marc:record>