<marc:record><marc:leader>00675nam   200229Ia 45  </marc:leader><marc:controlfield tag="005">20140523180500.0</marc:controlfield><marc:controlfield tag="008">020527s1998    bl            000 0 por d</marc:controlfield><marc:datafield ind1=" " ind2=" " tag="020"><marc:subfield code="a">8573590432</marc:subfield></marc:datafield><marc:datafield ind1=" " ind2=" " tag="040"><marc:subfield code="a">USP/SIBI</marc:subfield></marc:datafield><marc:datafield ind1="0" ind2=" " tag="041"><marc:subfield code="a">por</marc:subfield></marc:datafield><marc:datafield ind1=" " ind2=" " tag="044"><marc:subfield code="a">bl</marc:subfield></marc:datafield><marc:datafield ind1="0" ind2=" " tag="092"><marc:subfield code="a">305.48966</marc:subfield></marc:datafield><marc:datafield ind1="1" ind2=" " tag="100"><marc:subfield code="a">Galv&#227;o, Walnice Nogueira</marc:subfield></marc:datafield><marc:datafield ind1="1" ind2="2" tag="245"><marc:subfield code="a">A donzela-guerreira</marc:subfield><marc:subfield code="b">um estudo de g&#234;nero</marc:subfield><marc:subfield code="c">Walnice Nogueira Galv&#227;o</marc:subfield></marc:datafield><marc:datafield ind1=" " ind2=" " tag="260"><marc:subfield code="a">S&#227;o Paulo</marc:subfield><marc:subfield code="b">SENAC S&#227;o Paulo</marc:subfield><marc:subfield code="c">1998</marc:subfield></marc:datafield><marc:datafield ind1=" " ind2=" " tag="300"><marc:subfield code="a">247 p</marc:subfield><marc:subfield code="b">il</marc:subfield><marc:subfield code="c">25 cm</marc:subfield></marc:datafield><marc:datafield ind1=" " ind2=" " tag="504"><marc:subfield code="a">Inclui bibliografia</marc:subfield></marc:datafield><marc:datafield ind1=" " ind2="7" tag="650"><marc:subfield code="a">MULHERES</marc:subfield><marc:subfield code="2">larpcal</marc:subfield></marc:datafield><marc:datafield ind1=" " ind2="7" tag="650"><marc:subfield code="a">LITERATURA BRASILEIRA (HIST&#211;RIA E CR&#205;TICA)</marc:subfield><marc:subfield code="2">larpcal</marc:subfield></marc:datafield><marc:datafield ind1=" " ind2="7" tag="650"><marc:subfield code="a">FEMINISMO</marc:subfield><marc:subfield code="2">larpcal</marc:subfield></marc:datafield><marc:datafield ind1="1" ind2=" " tag="700"><marc:subfield code="a">Pinheiro, Ad&#227;o</marc:subfield><marc:subfield code="4">il</marc:subfield></marc:datafield><marc:datafield ind1=" " ind2=" " tag="945"><marc:subfield code="a">L</marc:subfield><marc:subfield code="b">LIVRO</marc:subfield><marc:subfield code="c">01</marc:subfield></marc:datafield></marc:record>