<marc:record><marc:leader>01639nam  2200301Ia 4500</marc:leader><marc:controlfield tag="005">20151118183800.0</marc:controlfield><marc:controlfield tag="008">140415s2013    bl            000 0 por d</marc:controlfield><marc:datafield ind1=" " ind2=" " tag="020"><marc:subfield code="a">9788560638376</marc:subfield></marc:datafield><marc:datafield ind1=" " ind2=" " tag="040"><marc:subfield code="a">USP/SIBI</marc:subfield></marc:datafield><marc:datafield ind1="0" ind2=" " tag="041"><marc:subfield code="a">por</marc:subfield><marc:subfield code="a">eng</marc:subfield></marc:datafield><marc:datafield ind1=" " ind2=" " tag="044"><marc:subfield code="a">bl</marc:subfield></marc:datafield><marc:datafield ind1="2" ind2=" " tag="110"><marc:subfield code="a">Museu Oscar Niemeyer (Curitiba)</marc:subfield></marc:datafield><marc:datafield ind1="1" ind2="0" tag="245"><marc:subfield code="a">Zero</marc:subfield><marc:subfield code="c">exposi&#231;&#227;o: curador Heike van den Valentyn ; cat&#225;logo: editado por Heike van den Valentynreda&#231;&#227;o do cat&#225;logo Violeta Quesada, Cristina Sommer, Heike van den Valentyn ; autores do texto Heinz-Norbert Jocks ... [et al.] ; tradu&#231;&#227;o do portugu&#234;s para o ingl&#234;s John Norman ; projeto gr&#225;fico Cl&#225;udio Filus</marc:subfield></marc:datafield><marc:datafield ind1=" " ind2=" " tag="260"><marc:subfield code="a">Curitiba</marc:subfield><marc:subfield code="b">Museu Oscar Niemeyer</marc:subfield><marc:subfield code="c">2013</marc:subfield><marc:subfield code="a">Porto Alegre</marc:subfield><marc:subfield code="b">Funda&#231;&#227;o Iber&#234; Camargo</marc:subfield><marc:subfield code="a">S&#227;o Paulo</marc:subfield><marc:subfield code="b">Pinacoteca do Estado</marc:subfield></marc:datafield><marc:datafield ind1=" " ind2=" " tag="300"><marc:subfield code="a">236 p</marc:subfield><marc:subfield code="b">il</marc:subfield><marc:subfield code="c">30 cm</marc:subfield></marc:datafield><marc:datafield ind1=" " ind2=" " tag="500"><marc:subfield code="a">Cat&#225;logo publicado por ocasi&#227;o da exposi&#231;&#227;o realizada de 1 de agosto a 3 de novembro de 2013, Museu Oscar Niemeyer, Curitiba; de 5 de dezembro de 2013 a 2 de mar&#231;o de 2014, Funda&#231;&#227;o Iber&#234; Camargo, Porto Alegre; e de 3 de abril a 15 de junho de 2014, Pinacoteca do Estado, S&#227;o Paulo</marc:subfield></marc:datafield><marc:datafield ind1=" " ind2=" " tag="546"><marc:subfield code="a">Texto em portugu&#234;s e ingl&#234;s</marc:subfield></marc:datafield><marc:datafield ind1=" " ind2="7" tag="650"><marc:subfield code="a">ARTE CIN&#201;TICA</marc:subfield><marc:subfield code="y">s&#233;culo 21</marc:subfield><marc:subfield code="z">BRASIL</marc:subfield><marc:subfield code="2">larpcal</marc:subfield></marc:datafield><marc:datafield ind1=" " ind2="7" tag="650"><marc:subfield code="a">ARTE CONTEMPOR&#194;NEA</marc:subfield><marc:subfield code="y">s&#233;culo 21</marc:subfield><marc:subfield code="z">BRASIL</marc:subfield><marc:subfield code="2">larpcal</marc:subfield></marc:datafield><marc:datafield ind1=" " ind2="7" tag="650"><marc:subfield code="a">ARTES</marc:subfield><marc:subfield code="y">S&#201;CULO 20;S&#201;CULO 21</marc:subfield><marc:subfield code="2">larpcal</marc:subfield></marc:datafield><marc:datafield ind1=" " ind2="7" tag="650"><marc:subfield code="a">EXPOSI&#199;&#213;ES DE ARTE</marc:subfield><marc:subfield code="y">S&#201;CULO 21</marc:subfield><marc:subfield code="z">BRASIL</marc:subfield><marc:subfield code="2">larpcal</marc:subfield></marc:datafield><marc:datafield ind1=" " ind2="7" tag="656"><marc:subfield code="a">ARTISTAS</marc:subfield><marc:subfield code="y">S&#201;CULO 20;S&#201;CULO 21</marc:subfield><marc:subfield code="2">larpcal</marc:subfield></marc:datafield><marc:datafield ind1="1" ind2=" " tag="700"><marc:subfield code="a">Heike Van Den Valentyn</marc:subfield><marc:subfield code="4">cur</marc:subfield><marc:subfield code="4">ed</marc:subfield><marc:subfield code="4">red</marc:subfield></marc:datafield><marc:datafield ind1="1" ind2=" " tag="700"><marc:subfield code="a">Sommer, Cristina</marc:subfield><marc:subfield code="4">red</marc:subfield></marc:datafield><marc:datafield ind1="1" ind2=" " tag="700"><marc:subfield code="a">Jocks, Heinz-Norbert</marc:subfield><marc:subfield code="4">text</marc:subfield></marc:datafield><marc:datafield ind1="1" ind2=" " tag="700"><marc:subfield code="a">Norman, John</marc:subfield><marc:subfield code="4">trad</marc:subfield></marc:datafield><marc:datafield ind1="1" ind2=" " tag="700"><marc:subfield code="a">Filus, Claudio</marc:subfield><marc:subfield code="4">proj</marc:subfield></marc:datafield><marc:datafield ind1=" " ind2=" " tag="945"><marc:subfield code="a">L</marc:subfield><marc:subfield code="b">LIVRO</marc:subfield><marc:subfield code="c">01</marc:subfield></marc:datafield></marc:record>