<marc:record><marc:leader>04606nam  2200373Ia 4500</marc:leader><marc:controlfield tag="005">20171030175400.0</marc:controlfield><marc:controlfield tag="008">171030s2017    bl            000 0 por d</marc:controlfield><marc:datafield ind1=" " ind2=" " tag="040"><marc:subfield code="a">USP/SIBI</marc:subfield></marc:datafield><marc:datafield ind1="0" ind2=" " tag="041"><marc:subfield code="a">por</marc:subfield></marc:datafield><marc:datafield ind1=" " ind2=" " tag="044"><marc:subfield code="a">bl</marc:subfield></marc:datafield><marc:datafield ind1="1" ind2=" " tag="100"><marc:subfield code="a">Pereira, Carla Jana&#237;na de Freitas</marc:subfield></marc:datafield><marc:datafield ind1="0" ind2="0" tag="242"><marc:subfield code="a">The New "Luz"</marc:subfield><marc:subfield code="b">urban requalification and representations of downtown S&#227;o Paulo</marc:subfield></marc:datafield><marc:datafield ind1="1" ind2="0" tag="245"><marc:subfield code="a">A Nova Luz</marc:subfield><marc:subfield code="b">requalifica&#231;&#227;o urbana e representa&#231;&#245;es do Centro paulistano</marc:subfield></marc:datafield><marc:datafield ind1=" " ind2=" " tag="260"><marc:subfield code="a">S&#227;o Paulo</marc:subfield><marc:subfield code="c">2017</marc:subfield></marc:datafield><marc:datafield ind1=" " ind2=" " tag="300"><marc:subfield code="a">137 f</marc:subfield></marc:datafield><marc:datafield ind1=" " ind2=" " tag="502"><marc:subfield code="a">Disserta&#231;&#227;o (Mestrado)</marc:subfield></marc:datafield><marc:datafield ind1=" " ind2=" " tag="520"><marc:subfield code="a">Este trabalho insere-se no campo da Geografia Urbana e da Hist&#243;ria Cultural objetivando apreender as representa&#231;&#245;es difundidas e elaboradas nos jornais Folha de S. Paulo e O Estado de S. Paulo sobre a regi&#227;o da Luz, no centro da cidade de S&#227;o Paulo, entre os anos de 2005 e 2012. Ademais, visa estabelecer as rela&#231;&#245;es entre tais representa&#231;&#245;es e as pr&#225;ticas de requalifica&#231;&#227;o urbana propostas para a referida regi&#227;o pelo Poder P&#250;blico, em especial o projeto Nova Luz (2005-2012). A tend&#234;ncia em curso de interven&#231;&#227;o urbana no Centro de S&#227;o Paulo com vistas a garantir a reprodu&#231;&#227;o do capital foi refor&#231;ada, no per&#237;odo abordado, pelo projeto da Prefeitura de S&#227;o Paulo de transformar a "cracol&#226;ndia" em "Nova Luz". Nesse sentido, o Poder P&#250;blico Municipal foi da instala&#231;&#227;o de equipamentos culturais &#224; cria&#231;&#227;o de instrumentos urban&#237;sticos para a atra&#231;&#227;o de atividades tecnol&#243;gicas, passando frequentemente pelas a&#231;&#245;es de repress&#227;o policial. Considerando a imprensa como for&#231;a socialmente ativa, as representa&#231;&#245;es que veicula est&#227;o marcadas por pr&#225;ticas sociais compartilhadas com parte dos leitores, ao mesmo tempo em que geram ou legitimam-nas. Como resultado, a representa&#231;&#227;o da regi&#227;o da Luz como uma regi&#227;o degradada, cuja constru&#231;&#227;o, difus&#227;o e compartilhamento se deram pela m&#237;dia jornal&#237;stica, pelo Poder P&#250;blico e por parte da popula&#231;&#227;o, engendrou e legitimou as propostas de requalifica&#231;&#227;o a ela dirigidas</marc:subfield></marc:datafield><marc:datafield ind1=" " ind2=" " tag="590"><marc:subfield code="d">Culturas e Identidades Brasileiras</marc:subfield></marc:datafield><marc:datafield ind1=" " ind2="7" tag="650"><marc:subfield code="a">HIST&#211;RIA CULTURAL</marc:subfield><marc:subfield code="2">larpcal</marc:subfield></marc:datafield><marc:datafield ind1=" " ind2="7" tag="650"><marc:subfield code="a">REPRESENTA&#199;&#195;O (FILOSOFIA)</marc:subfield><marc:subfield code="2">larpcal</marc:subfield></marc:datafield><marc:datafield ind1=" " ind2="7" tag="650"><marc:subfield code="a">GEOGRAFIA URBANA</marc:subfield><marc:subfield code="2">larpcal</marc:subfield></marc:datafield><marc:datafield ind1="1" ind2=" " tag="700"><marc:subfield code="a">Cust&#243;dio, Vanderli</marc:subfield><marc:subfield code="4">orient</marc:subfield></marc:datafield><marc:datafield ind1="0" ind2=" " tag="856"><marc:subfield code="z">e-mail do autor</marc:subfield><marc:subfield code="u">mailto://cjanaina@usp.br</marc:subfield><marc:subfield code="3">E-mail do autor</marc:subfield></marc:datafield><marc:datafield ind1="4" ind2="1" tag="856"><marc:subfield code="z">Clicar sobre o bot&#227;o para acesso ao texto</marc:subfield><marc:subfield code="u">http://www.teses.usp.br/teses/disponiveis/31/31131/tde-24102017-114202/</marc:subfield><marc:subfield code="3">BDTD</marc:subfield></marc:datafield><marc:datafield ind1="0" ind2=" " tag="856"><marc:subfield code="z">e-mail do orientador</marc:subfield><marc:subfield code="u">mailto://vanderli@usp.br</marc:subfield><marc:subfield code="3">E-mail do orientador</marc:subfield></marc:datafield><marc:datafield ind1=" " ind2=" " tag="940"><marc:subfield code="a">This work is inserted in the field of Urban Geography and Cultural History aiming to approach the representations widespread and elaborated in the newspapers Folha de S. Paulo and O Estado de S. Paulo about the area of Luz, in the center of S&#227;o Paulo city, between 2005 and 2012. Furthermore, it aims to establish the relations between those representations and the practices of urban requalification proposed to the referred area by Public Authorities, in particular the Project "Nova Luz" (2005-2012). The tendency in course of the urban intervention in the center of S&#227;o Paulo in order to guarantee the capital reproduction was reinforced, in the period mentioned, by the City Hall of S&#227;o Paulo Project aiming to transform the crackland into "Nova Luz". That way, the Municipal Public Authorities went from the installation of cultural equipment to the creation of urbanistic instruments to generate technological activities, frequently passing through actions of police repression. Considering the press as a socially active force, the representations that it releases are marked by social practices shared with great part of the readers, whilst generate or legitimize them. As a result, the representation of the Luz area as a degraded region, whose development, diffusion and sharing occur by the press media, by Public Authorities and by part of the population, engenders and justifies the proposals of requalification addressed to them</marc:subfield></marc:datafield><marc:datafield ind1=" " ind2=" " tag="945"><marc:subfield code="a">T</marc:subfield><marc:subfield code="b">TESE</marc:subfield><marc:subfield code="c">T</marc:subfield><marc:subfield code="i">01.09.2017</marc:subfield><marc:subfield code="j">2017</marc:subfield></marc:datafield><marc:datafield ind1=" " ind2=" " tag="946"><marc:subfield code="a">PEREIRA, CARLA JANA&#237;NA DE FREITAS</marc:subfield><marc:subfield code="b">6523140</marc:subfield><marc:subfield code="e">IEB</marc:subfield><marc:subfield code="f">INSTITUTO DE ESTUDOS BRASILEIROS</marc:subfield><marc:subfield code="q">ME</marc:subfield><marc:subfield code="r">01.09.2017</marc:subfield><marc:subfield code="s">S</marc:subfield><marc:subfield code="o">2012150</marc:subfield></marc:datafield><marc:datafield ind1=" " ind2=" " tag="952"><marc:subfield code="a">Crackland</marc:subfield><marc:subfield code="f">Proveniente da Base Teses Digitais da USP</marc:subfield></marc:datafield><marc:datafield ind1=" " ind2=" " tag="952"><marc:subfield code="a">Cracol&#226;ndia</marc:subfield><marc:subfield code="f">Proveniente da Base Teses Digitais da USP</marc:subfield></marc:datafield><marc:datafield ind1=" " ind2=" " tag="952"><marc:subfield code="a">Cultural History</marc:subfield><marc:subfield code="f">Proveniente da Base Teses Digitais da USP</marc:subfield></marc:datafield><marc:datafield ind1=" " ind2=" " tag="952"><marc:subfield code="a">Nova Luz</marc:subfield><marc:subfield code="f">Proveniente da Base Teses Digitais da USP</marc:subfield></marc:datafield><marc:datafield ind1=" " ind2=" " tag="952"><marc:subfield code="a">Representation (Philosophy)</marc:subfield><marc:subfield code="f">Proveniente da Base Teses Digitais da USP</marc:subfield></marc:datafield><marc:datafield ind1=" " ind2=" " tag="952"><marc:subfield code="a">Urban Geography</marc:subfield><marc:subfield code="f">Proveniente da Base Teses Digitais da USP</marc:subfield></marc:datafield></marc:record>