<marc:record><marc:leader>01401nam   200241Ia 45  </marc:leader><marc:controlfield tag="005">20200730112600.0</marc:controlfield><marc:controlfield tag="008">010716s2001    bl            000 0 por d</marc:controlfield><marc:datafield ind1=" " ind2=" " tag="020"><marc:subfield code="a">8570280181</marc:subfield></marc:datafield><marc:datafield ind1=" " ind2=" " tag="040"><marc:subfield code="a">USP/SIBI</marc:subfield></marc:datafield><marc:datafield ind1="0" ind2=" " tag="041"><marc:subfield code="a">por</marc:subfield></marc:datafield><marc:datafield ind1=" " ind2=" " tag="044"><marc:subfield code="a">bl</marc:subfield></marc:datafield><marc:datafield ind1="1" ind2=" " tag="100"><marc:subfield code="a">Schwartzman, Simon</marc:subfield><marc:subfield code="d">1939-</marc:subfield></marc:datafield><marc:datafield ind1="1" ind2="0" tag="245"><marc:subfield code="a">Um espa&#231;o para a ci&#234;ncia</marc:subfield><marc:subfield code="b">a forma&#231;&#227;o da comunidade cient&#237;fica no Brasil</marc:subfield><marc:subfield code="c">Simon Schwartzman ; tradu&#231;&#227;o S&#233;rgio Bath e Oswaldo Biato</marc:subfield></marc:datafield><marc:datafield ind1=" " ind2=" " tag="260"><marc:subfield code="a">Bras&#237;lia</marc:subfield><marc:subfield code="b">Minist&#233;rio da Ci&#234;ncia e Tecnologia Centro de Estudos Estrat&#233;gicos</marc:subfield><marc:subfield code="b">Conselho Nacional de Desenvolvimento Cient&#237;fico e Tecnol&#243;gico</marc:subfield><marc:subfield code="b">Centro de Estudos Estrat&#233;gicos</marc:subfield><marc:subfield code="c">2001</marc:subfield></marc:datafield><marc:datafield ind1=" " ind2=" " tag="300"><marc:subfield code="a">357 p.</marc:subfield><marc:subfield code="c">21 cm</marc:subfield></marc:datafield><marc:datafield ind1="0" ind2=" " tag="490"><marc:subfield code="a">Brasil, ci&#234;ncia &amp; tecnoloiga</marc:subfield><marc:subfield code="v">1</marc:subfield></marc:datafield><marc:datafield ind1=" " ind2=" " tag="500"><marc:subfield code="a">T&#237;tulo original: The development of the scientific community in Brazil</marc:subfield></marc:datafield><marc:datafield ind1="0" ind2=" " tag="505"><marc:subfield code="a">Um espa&#231;o para a ci&#234;ncia -- A heran&#231;a do s&#233;culo XVIII -- A ci&#234;ncia no Imp&#233;rio -- Auge e decl&#237;nio da Ci&#234;ncia Aplicada -- A revolu&#231;&#227;o de 1930 e as novas universidades -- As ra&#237;zes das tradi&#231;&#245;es cient&#237;ficas -- A profissionaliza&#231;&#227;o da ci&#234;ncia - A moderniza&#231;&#227;o do pos-guerra -- O grande salto &#224; frente -- Anexo: Lista de cientistas entrevistados para o projeto da Finep sobre a hist&#243;ria social da ci&#234;ncia no Brasil</marc:subfield></marc:datafield><marc:datafield ind1=" " ind2="7" tag="650"><marc:subfield code="a">CI&#202;NCIA</marc:subfield><marc:subfield code="x">HIST&#211;RIA</marc:subfield><marc:subfield code="z">BRASIL</marc:subfield><marc:subfield code="2">larpcal</marc:subfield></marc:datafield><marc:datafield ind1=" " ind2="7" tag="650"><marc:subfield code="a">TECNOLOGIA</marc:subfield><marc:subfield code="2">larpcal</marc:subfield></marc:datafield><marc:datafield ind1="1" ind2=" " tag="700"><marc:subfield code="a">Bath, S&#233;rgio</marc:subfield><marc:subfield code="4">trad</marc:subfield></marc:datafield><marc:datafield ind1="1" ind2=" " tag="700"><marc:subfield code="a">Biato, Oswaldo</marc:subfield><marc:subfield code="4">trad</marc:subfield></marc:datafield><marc:datafield ind1=" " ind2=" " tag="945"><marc:subfield code="a">L</marc:subfield><marc:subfield code="b">LIVRO</marc:subfield><marc:subfield code="c">01</marc:subfield></marc:datafield></marc:record>