<marc:record><marc:leader>00677nam   200229Ia 45  </marc:leader><marc:controlfield tag="005">20121018175100.0</marc:controlfield><marc:controlfield tag="008">      s1998    bl            000 0 por d</marc:controlfield><marc:datafield ind1=" " ind2=" " tag="020"><marc:subfield code="a">8522502463</marc:subfield></marc:datafield><marc:datafield ind1=" " ind2=" " tag="040"><marc:subfield code="a">USP/SIBI</marc:subfield></marc:datafield><marc:datafield ind1="0" ind2=" " tag="041"><marc:subfield code="a">por</marc:subfield></marc:datafield><marc:datafield ind1=" " ind2=" " tag="044"><marc:subfield code="a">bl</marc:subfield></marc:datafield><marc:datafield ind1="0" ind2=" " tag="092"><marc:subfield code="a">121.68</marc:subfield></marc:datafield><marc:datafield ind1="1" ind2="1" tag="100"><marc:subfield code="a">Gadamer, Hans-Georg</marc:subfield><marc:subfield code="d">1900-2002</marc:subfield></marc:datafield><marc:datafield ind1="-" ind2="3" tag="242"><marc:subfield code="a">Le probl&#232;me de la conscience historique</marc:subfield></marc:datafield><marc:datafield ind1="1" ind2="2" tag="245"><marc:subfield code="a">O problema da consci&#234;ncia hist&#243;rica</marc:subfield><marc:subfield code="c">Hans-Georg Gadamer</marc:subfield></marc:datafield><marc:datafield ind1=" " ind2=" " tag="260"><marc:subfield code="a">Rio de Janeiro</marc:subfield><marc:subfield code="b">FGV</marc:subfield><marc:subfield code="c">1998</marc:subfield></marc:datafield><marc:datafield ind1=" " ind2=" " tag="300"><marc:subfield code="a">71 p</marc:subfield></marc:datafield><marc:datafield ind1=" " ind2="7" tag="650"><marc:subfield code="a">FILOSOFIA CONTEMPOR&#194;NEA</marc:subfield><marc:subfield code="z">ALEMANHA</marc:subfield><marc:subfield code="2">larpcal</marc:subfield></marc:datafield><marc:datafield ind1=" " ind2="7" tag="650"><marc:subfield code="a">HERMEN&#202;UTICA</marc:subfield><marc:subfield code="2">larpcal</marc:subfield></marc:datafield><marc:datafield ind1="1" ind2="1" tag="700"><marc:subfield code="a">Fruchon, Pierre</marc:subfield><marc:subfield code="4">org</marc:subfield></marc:datafield><marc:datafield ind1="1" ind2="1" tag="700"><marc:subfield code="a">Estrada, Paulo Cesar Duque</marc:subfield><marc:subfield code="4">trad</marc:subfield></marc:datafield><marc:datafield ind1=" " ind2=" " tag="945"><marc:subfield code="a">L</marc:subfield><marc:subfield code="b">LIVRO</marc:subfield><marc:subfield code="c">01</marc:subfield></marc:datafield></marc:record>