<marc:record><marc:leader>01099nam   200277Ia 45  </marc:leader><marc:controlfield tag="005">20150622162400.0</marc:controlfield><marc:controlfield tag="008">051221s2004    bl            000 0 por d</marc:controlfield><marc:datafield ind1=" " ind2=" " tag="020"><marc:subfield code="a">8526806920</marc:subfield></marc:datafield><marc:datafield ind1=" " ind2=" " tag="040"><marc:subfield code="a">USP/SIBI</marc:subfield></marc:datafield><marc:datafield ind1="0" ind2=" " tag="041"><marc:subfield code="a">por</marc:subfield></marc:datafield><marc:datafield ind1=" " ind2=" " tag="044"><marc:subfield code="a">bl</marc:subfield></marc:datafield><marc:datafield ind1="0" ind2=" " tag="092"><marc:subfield code="a">869.920953</marc:subfield></marc:datafield><marc:datafield ind1=" " ind2=" " tag="092"><marc:subfield code="a">792.7098153</marc:subfield></marc:datafield><marc:datafield ind1="1" ind2=" " tag="100"><marc:subfield code="a">Gomes, Tiago de Melo</marc:subfield><marc:subfield code="d">1972-</marc:subfield></marc:datafield><marc:datafield ind1="1" ind2="3" tag="245"><marc:subfield code="a">Um espelho no palco</marc:subfield><marc:subfield code="b">identidades sociais e massifica&#231;&#227;o da cultura no teatro de revista dos anos 1920</marc:subfield><marc:subfield code="c">Tiago de Melo Gomes</marc:subfield></marc:datafield><marc:datafield ind1=" " ind2=" " tag="260"><marc:subfield code="a">Campinas</marc:subfield><marc:subfield code="b">Editora da UNICAMP</marc:subfield><marc:subfield code="c">2004</marc:subfield></marc:datafield><marc:datafield ind1=" " ind2=" " tag="300"><marc:subfield code="a">398 p</marc:subfield><marc:subfield code="c">21 cm</marc:subfield></marc:datafield><marc:datafield ind1="0" ind2=" " tag="490"><marc:subfield code="a">V&#225;rias Hist&#243;rias</marc:subfield><marc:subfield code="v">19</marc:subfield></marc:datafield><marc:datafield ind1=" " ind2=" " tag="500"><marc:subfield code="a">Originalmente apresentada como tese do autor (Doutorado - Departamento de Hist&#243;ria da Universidade Estadual de Campinas, 2003)</marc:subfield></marc:datafield><marc:datafield ind1=" " ind2=" " tag="504"><marc:subfield code="a">Inclui bibliografia.</marc:subfield></marc:datafield><marc:datafield ind1=" " ind2="7" tag="650"><marc:subfield code="a">TEATRO DE VARIEDADES (HIST&#211;RIA E CR&#205;TICA)</marc:subfield><marc:subfield code="z">RIO DE JANEIRO</marc:subfield><marc:subfield code="2">larpcal</marc:subfield></marc:datafield><marc:datafield ind1=" " ind2="7" tag="650"><marc:subfield code="a">IND&#218;STRIA CULTURAL</marc:subfield><marc:subfield code="z">BRASIL;RIO DE JANEIRO(RJ)</marc:subfield><marc:subfield code="2">larpcal</marc:subfield></marc:datafield><marc:datafield ind1=" " ind2="7" tag="650"><marc:subfield code="a">IDENTIDADE SOCIAL</marc:subfield><marc:subfield code="z">BRASIL;RIO DE JANEIRO(RJ)</marc:subfield><marc:subfield code="2">larpcal</marc:subfield></marc:datafield><marc:datafield ind1=" " ind2="7" tag="650"><marc:subfield code="a">CULTURA POPULAR</marc:subfield><marc:subfield code="y">S&#201;CULO 20</marc:subfield><marc:subfield code="z">BRASIL</marc:subfield><marc:subfield code="2">larpcal</marc:subfield></marc:datafield><marc:datafield ind1="1" ind2=" " tag="700"><marc:subfield code="a">Slenes, Robert Wayne</marc:subfield><marc:subfield code="4">pref</marc:subfield></marc:datafield><marc:datafield ind1=" " ind2=" " tag="945"><marc:subfield code="a">L</marc:subfield><marc:subfield code="b">LIVRO</marc:subfield><marc:subfield code="c">01</marc:subfield></marc:datafield></marc:record>