<marc:record><marc:leader>03231cam  2200289Ia 45e0</marc:leader><marc:controlfield tag="005">$$a2003042412131</marc:controlfield><marc:controlfield tag="008">020716s2001    bl       b    000 0 por d</marc:controlfield><marc:datafield ind1=" " ind2=" " tag="010"><marc:subfield code="a">2002353513</marc:subfield></marc:datafield><marc:datafield ind1=" " ind2=" " tag="020"><marc:subfield code="a">8520005640 (pbk.)</marc:subfield></marc:datafield><marc:datafield ind1=" " ind2=" " tag="035"><marc:subfield code="a">(OCoLC)ocm50178516</marc:subfield></marc:datafield><marc:datafield ind1=" " ind2=" " tag="040"><marc:subfield code="a">GZM</marc:subfield><marc:subfield code="c">GZM</marc:subfield><marc:subfield code="d">DLC</marc:subfield></marc:datafield><marc:datafield ind1="0" ind2=" " tag="041"><marc:subfield code="a">por</marc:subfield></marc:datafield><marc:datafield ind1=" " ind2=" " tag="043"><marc:subfield code="a">s-bl---</marc:subfield><marc:subfield code="a">e-po---</marc:subfield></marc:datafield><marc:datafield ind1=" " ind2=" " tag="044"><marc:subfield code="a">bl</marc:subfield></marc:datafield><marc:datafield ind1=" " ind2=" " tag="090"><marc:subfield code="a">F2524</marc:subfield><marc:subfield code="b">.A58 2001</marc:subfield></marc:datafield><marc:datafield ind1="0" ind2="2" tag="245"><marc:subfield code="a">O Antigo Regime nos tr&#243;picos</marc:subfield><marc:subfield code="b">a din&#226;mica imperial portuguesa : (s&#233;culos XVI-XVIII)</marc:subfield></marc:datafield><marc:datafield ind1=" " ind2=" " tag="260"><marc:subfield code="a">Rio de Janeiro</marc:subfield><marc:subfield code="b">Civiliza&#231;&#227;o Brasileira</marc:subfield><marc:subfield code="c">2001</marc:subfield></marc:datafield><marc:datafield ind1=" " ind2=" " tag="300"><marc:subfield code="a">473 p.</marc:subfield><marc:subfield code="c">23 cm</marc:subfield></marc:datafield><marc:datafield ind1=" " ind2=" " tag="500"><marc:subfield code="a">Textos de v&#225;rios autores</marc:subfield></marc:datafield><marc:datafield ind1="2" ind2=" " tag="505"><marc:subfield code="a">A forma&#231;&#227;o da economia colonial no Rio de Janeiro e de sua primeira elite senhorial (s&#233;culos XVI e XVII) / Jo&#227;o Fragoso -- Os homens de neg&#243;cio do Rio de Janeiro e sua atua&#231;&#227;o nos quadros do Imp&#233;rio Portugu&#234;s (1701-1750) / Antonio Carlos Juc&#225; de Sampaio -- As elites econ&#244;micas e a arremata&#231;&#227;o dos contratos reais : o exemplo do Rio Grande do Sul (s&#233;culo XVIII) / Helen Os&#243;rio -- A escravid&#227;o moderna nos quadros do Imp&#233;rio portugu&#234;s : o Antigo Regime em perspectiva atl&#226;ntica / Hebe Maria Mattos -- A constitui&#231;&#227;o do Imp&#233;rio Portugu&#234;s. Revis&#227;o de alguns enviesamentos correntes / Ant&#243;nio Manuel Hespanha -- As c&#226;maras ultramarinas e o governo do Imp&#233;rio / Maria Fernanda Baptista Bicalho -- As geografias pol&#237;ticas do Imp&#233;rio -- Imp&#233;rio da f&#233; : ensaio sobre os portugueses no Congo, Brasil e Jap&#227;o / Ronald Raminelli -- Trajet&#243;rias sociais e governo das conquistas : notas preliminares sobre os vice-reis e governadores-gerais do Brasil e da &#205;ndia nos s&#233;culos XVII e XVIII / Nuno Gon&#231;alo F. Monteiro -- Poder pol&#237;tico e administra&#231;&#227;o na forma&#231;&#227;o do complexo atl&#226;ntico portugu&#234;s (1645-1808) / Maria de F&#225;tima Silva Gouv&#234;a -- A no&#231;&#227;o de economia colonial tardia no Rio de Janeiro e as conex&#245;es econ&#244;micas do Imp&#233;rio portugu&#234;s: 1790-1820 / Jo&#227;o Fragoso -- Din&#226;mica do com&#233;rcio intracolonial : Geribitas, panos asi&#225;ticos e guerra no tr&#225;fico angolano de escravos (s&#233;culo XVIII) / Roquinaldo Ferreira -- T&#234;xteis e metais preciosos ; novos v&#237;nculos do com&#233;rcio indo-brasileiro (1808 -1820) / Lu&#237;s Frederico Dias Antunes</marc:subfield></marc:datafield><marc:datafield ind1=" " ind2=" " tag="520"><marc:subfield code="a">O Imp&#233;rio portugu&#234;s surge como uma rede de rela&#231;&#245;es econ&#244;micas, pol&#237;ticas, jur&#237;dicas e sociais capaz de articular sociedades diversas e abrigar poderes aut&#244;nomos e interesses comerciais conflitantes. Examina-se uma vasta rede comercial, ligada tamb&#233;m por la&#231;os pessoais e de parentesco. Os v&#237;nculos econ&#244;micos e pol&#237;ticos entre as partes do imp&#233;rio s&#227;o t&#227;o importantes quanto suas liga&#231;&#245;es com o Reino. A din&#226;mica imperial &#233; analisada do ponto de vista pol&#237;tico-administrativo, resultando numa vis&#227;o mais ampla das cadeias hier&#225;rquicas de distribui&#231;&#227;o de poder e prest&#237;gio, mostrando os nexos entre a vida metropolitana e a colonial, a proximidade de interesses entre nobres e comerciantes, as tens&#245;es entre as autonomias locais e o governo centralizado em Lisboa</marc:subfield></marc:datafield><marc:datafield ind1=" " ind2="7" tag="650"><marc:subfield code="a">HIST&#211;RIA DO BRASIL</marc:subfield><marc:subfield code="2">larpcal</marc:subfield></marc:datafield><marc:datafield ind1=" " ind2="7" tag="650"><marc:subfield code="a">PER&#205;ODO COLONIAL (1500-1822)</marc:subfield><marc:subfield code="2">larpcal</marc:subfield></marc:datafield><marc:datafield ind1="1" ind2=" " tag="700"><marc:subfield code="a">Fragoso, Jo&#227;o</marc:subfield><marc:subfield code="4">org</marc:subfield></marc:datafield><marc:datafield ind1="1" ind2=" " tag="700"><marc:subfield code="a">Bicalho, Maria Fernanda</marc:subfield><marc:subfield code="4">org</marc:subfield></marc:datafield><marc:datafield ind1="1" ind2=" " tag="700"><marc:subfield code="a">Gouv&#234;a, Maria de F&#225;tima</marc:subfield><marc:subfield code="4">org</marc:subfield></marc:datafield><marc:datafield ind1=" " ind2=" " tag="945"><marc:subfield code="a">L</marc:subfield><marc:subfield code="b">LIVRO</marc:subfield><marc:subfield code="c">01</marc:subfield></marc:datafield></marc:record>