<marc:record><marc:leader>00836nam  2200253Ia 4500</marc:leader><marc:controlfield tag="005">20131117203600.0</marc:controlfield><marc:controlfield tag="008">960927s1988    fr            000 0 por d</marc:controlfield><marc:datafield ind1=" " ind2=" " tag="020"><marc:subfield code="a">8570280084</marc:subfield></marc:datafield><marc:datafield ind1=" " ind2=" " tag="035"><marc:subfield code="z">906892120</marc:subfield></marc:datafield><marc:datafield ind1=" " ind2=" " tag="040"><marc:subfield code="a">USP/SIBI</marc:subfield></marc:datafield><marc:datafield ind1="0" ind2=" " tag="041"><marc:subfield code="a">por</marc:subfield></marc:datafield><marc:datafield ind1=" " ind2=" " tag="044"><marc:subfield code="a">fr</marc:subfield></marc:datafield><marc:datafield ind1=" " ind2=" " tag="092"><marc:subfield code="a">869.935</marc:subfield></marc:datafield><marc:datafield ind1="1" ind2=" " tag="100"><marc:subfield code="a">Lispector, Clarice</marc:subfield><marc:subfield code="d">1925-1977</marc:subfield></marc:datafield><marc:datafield ind1="1" ind2="2" tag="245"><marc:subfield code="a">A paixao segundo G.H.</marc:subfield><marc:subfield code="b">edi&#231;&#227;o cr&#237;tica</marc:subfield><marc:subfield code="c">Clarice Lispector; edi&#231;&#227;o cr&#237;tica Benedito Nunes coordenador</marc:subfield></marc:datafield><marc:datafield ind1=" " ind2=" " tag="260"><marc:subfield code="a">Paris</marc:subfield><marc:subfield code="b">Association Archives de la Litterature Latino-Americaine, de</marc:subfield><marc:subfield code="c">1988</marc:subfield></marc:datafield><marc:datafield ind1=" " ind2=" " tag="300"><marc:subfield code="a">366 p</marc:subfield><marc:subfield code="b">front</marc:subfield><marc:subfield code="c">23 cm</marc:subfield></marc:datafield><marc:datafield ind1="0" ind2=" " tag="490"><marc:subfield code="a">Arquivos</marc:subfield><marc:subfield code="v">v.13</marc:subfield></marc:datafield><marc:datafield ind1=" " ind2=" " tag="590"><marc:subfield code="a">Bibliografia</marc:subfield></marc:datafield><marc:datafield ind1=" " ind2=" " tag="590"><marc:subfield code="a">Na Biblioteca da FFLCH, o e. 2 pertence &#224; Cole&#231;&#227;o Antonio Candido</marc:subfield></marc:datafield><marc:datafield ind1=" " ind2="7" tag="650"><marc:subfield code="a">ROMANCE</marc:subfield><marc:subfield code="2">larpcal</marc:subfield></marc:datafield><marc:datafield ind1=" " ind2="7" tag="650"><marc:subfield code="a">LITERATURA BRASILEIRA</marc:subfield><marc:subfield code="2">larpcal</marc:subfield></marc:datafield><marc:datafield ind1="1" ind2=" " tag="700"><marc:subfield code="a">Nunes, Benedito</marc:subfield><marc:subfield code="4">coord</marc:subfield></marc:datafield><marc:datafield ind1=" " ind2=" " tag="945"><marc:subfield code="a">L</marc:subfield><marc:subfield code="b">LIVRO</marc:subfield><marc:subfield code="c">01</marc:subfield></marc:datafield></marc:record>