<marc:record><marc:leader>01254cam  2200373Ia 4500</marc:leader><marc:controlfield tag="005">20130626144127.0</marc:controlfield><marc:controlfield tag="008">060517s2004    sp            000 0 spa d</marc:controlfield><marc:datafield ind1=" " ind2=" " tag="020"><marc:subfield code="a">9586981517</marc:subfield></marc:datafield><marc:datafield ind1=" " ind2=" " tag="020"><marc:subfield code="a">9789586981514</marc:subfield></marc:datafield><marc:datafield ind1=" " ind2=" " tag="035"><marc:subfield code="a">(OCoLC)803953635</marc:subfield></marc:datafield><marc:datafield ind1=" " ind2=" " tag="040"><marc:subfield code="a">Es-BaCBU</marc:subfield><marc:subfield code="b">cat</marc:subfield><marc:subfield code="c">ESCBC</marc:subfield></marc:datafield><marc:datafield ind1="0" ind2=" " tag="041"><marc:subfield code="a">spa</marc:subfield></marc:datafield><marc:datafield ind1=" " ind2=" " tag="044"><marc:subfield code="a">sp</marc:subfield></marc:datafield><marc:datafield ind1="1" ind2="4" tag="050"><marc:subfield code="a">JZ1308</marc:subfield><marc:subfield code="b">.S3618 2004</marc:subfield></marc:datafield><marc:datafield ind1="1" ind2=" " tag="100"><marc:subfield code="a">Santos, M&#237;lton</marc:subfield><marc:subfield code="d">1926-2001</marc:subfield></marc:datafield><marc:datafield ind1="1" ind2="0" tag="242"><marc:subfield code="a">Por uma outra globaliza&#231;&#227;o</marc:subfield><marc:subfield code="b">do pensamento &#250;nico &#224; consci&#234;ncia universal</marc:subfield></marc:datafield><marc:datafield ind1="1" ind2="0" tag="245"><marc:subfield code="a">Por otra globalizaci&#243;n</marc:subfield><marc:subfield code="b">del pensamiento &#250;nico a la conciencia universal</marc:subfield><marc:subfield code="c">Milton Santos</marc:subfield></marc:datafield><marc:datafield ind1=" " ind2=" " tag="260"><marc:subfield code="a">Bogot&#225;</marc:subfield><marc:subfield code="b">Convenio Andr&#233;s Bello</marc:subfield><marc:subfield code="c">2004</marc:subfield></marc:datafield><marc:datafield ind1=" " ind2=" " tag="300"><marc:subfield code="a">144 p</marc:subfield><marc:subfield code="c">24 cm</marc:subfield></marc:datafield><marc:datafield ind1=" " ind2=" " tag="590"><marc:subfield code="a">Exemplar do IEB com dedicat&#243;ria.</marc:subfield></marc:datafield><marc:datafield ind1="0" ind2="4" tag="650"><marc:subfield code="a">Globalitzaci&#243;.</marc:subfield></marc:datafield><marc:datafield ind1="0" ind2="4" tag="650"><marc:subfield code="a">Pol&#237;tica econ&#242;mica.</marc:subfield></marc:datafield><marc:datafield ind1="0" ind2="4" tag="650"><marc:subfield code="a">Impacte social.</marc:subfield></marc:datafield><marc:datafield ind1="0" ind2="4" tag="650"><marc:subfield code="a">Ci&#232;ncies pol&#237;tiques.</marc:subfield></marc:datafield><marc:datafield ind1="0" ind2="4" tag="650"><marc:subfield code="a">Civilitzaci&#243; moderna.</marc:subfield></marc:datafield><marc:datafield ind1=" " ind2="7" tag="650"><marc:subfield code="a">PENSAMENTO GEOGR&#193;FICO</marc:subfield><marc:subfield code="2">larpcal</marc:subfield></marc:datafield><marc:datafield ind1=" " ind2="7" tag="650"><marc:subfield code="a">GLOBALIZA&#199;&#195;O</marc:subfield><marc:subfield code="2">larpcal</marc:subfield></marc:datafield><marc:datafield ind1=" " ind2="7" tag="650"><marc:subfield code="a">MUDAN&#199;A SOCIAL</marc:subfield><marc:subfield code="2">larpcal</marc:subfield></marc:datafield><marc:datafield ind1=" " ind2="7" tag="650"><marc:subfield code="a">CIVILIZA&#199;&#195;O MODERNA</marc:subfield><marc:subfield code="2">larpcal</marc:subfield></marc:datafield><marc:datafield ind1="1" ind2=" " tag="700"><marc:subfield code="a">Mart&#237;n-Barbero, Jes&#250;s</marc:subfield><marc:subfield code="4">prolog</marc:subfield></marc:datafield><marc:datafield ind1="1" ind2=" " tag="700"><marc:subfield code="a">Guerrero de Beltr&#225;n, Gladys</marc:subfield><marc:subfield code="4">trad</marc:subfield></marc:datafield><marc:datafield ind1="1" ind2=" " tag="700"><marc:subfield code="a">D&#225;vila Mart&#237;nez, Enrique</marc:subfield><marc:subfield code="4">rev</marc:subfield></marc:datafield><marc:datafield ind1=" " ind2="0" tag="830"><marc:subfield code="a">Agenda Iberoamericana</marc:subfield></marc:datafield><marc:datafield ind1=" " ind2=" " tag="945"><marc:subfield code="a">L</marc:subfield><marc:subfield code="b">LIVRO</marc:subfield><marc:subfield code="c">01</marc:subfield></marc:datafield></marc:record>