<marc:record><marc:leader>05555nam  2200397Ia 4500</marc:leader><marc:controlfield tag="005">20170828160500.0</marc:controlfield><marc:controlfield tag="008">170828s2017    bl            000 0 por d</marc:controlfield><marc:datafield ind1=" " ind2=" " tag="040"><marc:subfield code="a">USP/SIBI</marc:subfield></marc:datafield><marc:datafield ind1="0" ind2=" " tag="041"><marc:subfield code="a">por</marc:subfield></marc:datafield><marc:datafield ind1=" " ind2=" " tag="044"><marc:subfield code="a">bl</marc:subfield></marc:datafield><marc:datafield ind1="1" ind2=" " tag="100"><marc:subfield code="a">Dias, Pedro Lotti Carvalho</marc:subfield></marc:datafield><marc:datafield ind1="0" ind2="0" tag="242"><marc:subfield code="a">Mon&#231;&#245;es (1945) language</marc:subfield><marc:subfield code="b">an study through the "pluriel du texte"</marc:subfield></marc:datafield><marc:datafield ind1="1" ind2="0" tag="245"><marc:subfield code="a">A linguagem de Mon&#231;&#245;es (1945)</marc:subfield><marc:subfield code="b">estudo atrav&#233;s do "plural do texto"</marc:subfield></marc:datafield><marc:datafield ind1=" " ind2=" " tag="260"><marc:subfield code="a">S&#227;o Paulo</marc:subfield><marc:subfield code="c">2017</marc:subfield></marc:datafield><marc:datafield ind1=" " ind2=" " tag="300"><marc:subfield code="a">162 f</marc:subfield></marc:datafield><marc:datafield ind1=" " ind2=" " tag="502"><marc:subfield code="a">Disserta&#231;&#227;o (Mestrado)</marc:subfield></marc:datafield><marc:datafield ind1=" " ind2=" " tag="520"><marc:subfield code="a">Esta disserta&#231;&#227;o nasceu com um prop&#243;sito simples: ler Mon&#231;&#245;es (1945). L&#234;-lo, contudo, carregou o signo de um esfor&#231;o duplo: de encarar o livro ora como documento da hist&#243;ria intelectual do Brasil da primeira metade do s&#233;culo XX, e ora como artefato que interage com a nossa atualidade, e que nos permite interpel&#225;-lo atrav&#233;s do di&#225;logo e do coment&#225;rio cr&#237;tico. O objeto desta pesquisa &#233; a linguagem deste livro. Mobilizamos como m&#233;todo de an&#225;lise procedimentos criados por Roland Barthes para o estudo daquilo que ele designou como "o plural do texto"; e de Michel Foucault, no que ele denominou como "pesquisa arqueol&#243;gica", "autor" e "arquivo". Estas s&#227;o nossas refer&#234;ncias te&#243;ricas mais expl&#237;citas. Afora elas, operamos metodicamente com objetivo de estabelecer com a disserta&#231;&#227;o a cr&#237;tica liter&#225;ria do livro e a exposi&#231;&#227;o hist&#243;rica da linguagem de seu texto. Devido &#224; referida leitura dupla, por mais que inquiramos em Mon&#231;&#245;es o seu sentido no contexto de uma obra, o "autor" de sua produ&#231;&#227;o, e a biografia de S&#233;rgio Buarque de Holanda, esta pesquisa n&#227;o se confunde com o estudo da obra, da vida e do pensamento do autor. Neste instante, tal distin&#231;&#227;o pode aparentar sutil, mas ser&#225; decisiva para que a investiga&#231;&#227;o fa&#231;a da "linguagem do texto" o seu objeto de estudo. Para cumprirmos este objetivo de investiga&#231;&#227;o, contextualizamos Mon&#231;&#245;es com a literatura da primeira metade do s&#233;culo XX, reconhecendo no seu campo de debate os assuntos que aportam numa rede de interpreta&#231;&#245;es sobre o Brasil, na qual a diversidade da linguagem intelectual surge como seu panorama hist&#243;rico.</marc:subfield></marc:datafield><marc:datafield ind1=" " ind2=" " tag="520"><marc:subfield code="a">A base te&#243;rica deste estudo acompanha uma bibliografia que problematiza "o ato de leitura", "o discurso hist&#243;rico", "a modernidade", e "o modernismo no Brasil". Entendemos que esta disserta&#231;&#227;o, pelo seu problema, contribuir&#225; no assunto "hist&#243;ria intelectual do Brasil", para as d&#233;cadas de 1930 e 1940, e, pelo seu m&#233;todo e objeto de estudo, acreditamos que este estudo contribui pelo seu esfor&#231;o em historiar a linguagem do documento hist&#243;rico.</marc:subfield></marc:datafield><marc:datafield ind1=" " ind2=" " tag="590"><marc:subfield code="d">Culturas e Identidades Brasileiras</marc:subfield></marc:datafield><marc:datafield ind1="1" ind2="7" tag="600"><marc:subfield code="a">Holanda, S&#233;rgio Buarque de</marc:subfield><marc:subfield code="d">1902-1982</marc:subfield><marc:subfield code="2">larpcal</marc:subfield></marc:datafield><marc:datafield ind1=" " ind2="7" tag="650"><marc:subfield code="a">CR&#205;TICA LITER&#193;RIA</marc:subfield><marc:subfield code="2">larpcal</marc:subfield></marc:datafield><marc:datafield ind1=" " ind2="7" tag="650"><marc:subfield code="a">MODERNIDADE</marc:subfield><marc:subfield code="2">larpcal</marc:subfield></marc:datafield><marc:datafield ind1=" " ind2="7" tag="650"><marc:subfield code="a">MODERNISMO</marc:subfield><marc:subfield code="2">larpcal</marc:subfield></marc:datafield><marc:datafield ind1=" " ind2="7" tag="650"><marc:subfield code="a">HIST&#211;RIA DA CULTURA</marc:subfield><marc:subfield code="2">larpcal</marc:subfield></marc:datafield><marc:datafield ind1="1" ind2=" " tag="700"><marc:subfield code="a">Iumatti, Paulo Teixeira</marc:subfield><marc:subfield code="4">orient</marc:subfield></marc:datafield><marc:datafield ind1="0" ind2=" " tag="856"><marc:subfield code="z">e-mail do autor</marc:subfield><marc:subfield code="u">mailto://pedro.lotti.dias@usp.br</marc:subfield><marc:subfield code="3">E-mail do autor</marc:subfield></marc:datafield><marc:datafield ind1="4" ind2="1" tag="856"><marc:subfield code="z">Clicar sobre o bot&#227;o para acesso ao texto</marc:subfield><marc:subfield code="u">http://www.teses.usp.br/teses/disponiveis/31/31131/tde-25082017-120923/</marc:subfield><marc:subfield code="3">BDTD</marc:subfield></marc:datafield><marc:datafield ind1="0" ind2=" " tag="856"><marc:subfield code="z">e-mail do orientador</marc:subfield><marc:subfield code="u">mailto://ptiumatt@usp.br</marc:subfield><marc:subfield code="3">E-mail do orientador</marc:subfield></marc:datafield><marc:datafield ind1=" " ind2=" " tag="940"><marc:subfield code="a">This monography began with a simple purpose: to read Mon&#231;&#245;es (1945). To read it, however, is also to carry the meaning of a double struggle, namely, to face the book as a document of Brazil\'s intellectual history at the beginning of the 20th century, and as an object that communicates with our present time, that allows us to question the book through dialogue and critical review. The method for analysis was some procedures created by Roland Barthes for critical review, which he designated as "le pluriel du texte"; and some procedures of Michel Foucault that he classifies as \'archeological research\', \'author\', and \'archive\'. These are our most important theorical references. In addictions, methodologically, we conducted the research aiming at the connection between the critical review of the book and the historical appearance of the language in its text. Due to those approaches to the text, this research is not to be mistaken by the study of the oeuvre, and its author\'s thinking. For now, it\'s a subtle distinction, but it will be decisive to turn the language of the book into the study-object of this monography. To conclude this research, we contextualized Mon&#231;&#245;es with the literature of the first half of the 20th century, acknowledging many subjects of this book in a weft of interpretations of Brazil, in which the intellectual language diversity arises as its historical perspective. The theoretical basis of this research builds upons literature that argues about</marc:subfield></marc:datafield><marc:datafield ind1=" " ind2=" " tag="940"><marc:subfield code="a">the \'act of reading\', \'historical discourse\', \'modernity\', and the \'modernism in Brazil\'. We expect that this monography will contribute in the field of intellectual history of Brazil in the 30\'s and 40\'s of the 20th century, and because of its methodology and object of study, it will add a new view to historize the language in the document</marc:subfield></marc:datafield><marc:datafield ind1=" " ind2=" " tag="945"><marc:subfield code="a">T</marc:subfield><marc:subfield code="b">TESE</marc:subfield><marc:subfield code="c">T</marc:subfield><marc:subfield code="i">07.07.2017</marc:subfield><marc:subfield code="j">2017</marc:subfield></marc:datafield><marc:datafield ind1=" " ind2=" " tag="946"><marc:subfield code="a">DIAS, PEDRO LOTTI CARVALHO</marc:subfield><marc:subfield code="b">8974036</marc:subfield><marc:subfield code="e">IEB</marc:subfield><marc:subfield code="f">INSTITUTO DE ESTUDOS BRASILEIROS</marc:subfield><marc:subfield code="q">ME</marc:subfield><marc:subfield code="r">07.07.2017</marc:subfield><marc:subfield code="s">S</marc:subfield><marc:subfield code="o">1480798</marc:subfield></marc:datafield><marc:datafield ind1=" " ind2=" " tag="952"><marc:subfield code="a">History of Culture</marc:subfield><marc:subfield code="f">Proveniente da Base Teses Digitais da USP</marc:subfield></marc:datafield><marc:datafield ind1=" " ind2=" " tag="952"><marc:subfield code="a">Literary Criticism</marc:subfield><marc:subfield code="f">Proveniente da Base Teses Digitais da USP</marc:subfield></marc:datafield><marc:datafield ind1=" " ind2=" " tag="952"><marc:subfield code="a">Modernism</marc:subfield><marc:subfield code="f">Proveniente da Base Teses Digitais da USP</marc:subfield></marc:datafield><marc:datafield ind1=" " ind2=" " tag="952"><marc:subfield code="a">Modernity</marc:subfield><marc:subfield code="f">Proveniente da Base Teses Digitais da USP</marc:subfield></marc:datafield></marc:record>