<marc:record><marc:leader>00802nam  2200229Ia 450 </marc:leader><marc:controlfield tag="005">$$a1997090117440</marc:controlfield><marc:controlfield tag="008">850807s1926    gw a          000 1 ger d</marc:controlfield><marc:datafield ind1=" " ind2=" " tag="035"><marc:subfield code="a">(OCoLC)ocm14041890</marc:subfield><marc:subfield code="z">903035893</marc:subfield></marc:datafield><marc:datafield ind1=" " ind2=" " tag="040"><marc:subfield code="a">MNU</marc:subfield><marc:subfield code="c">MNU</marc:subfield></marc:datafield><marc:datafield ind1="0" ind2=" " tag="041"><marc:subfield code="a">ger</marc:subfield></marc:datafield><marc:datafield ind1=" " ind2=" " tag="044"><marc:subfield code="a">gw</marc:subfield></marc:datafield><marc:datafield ind1="1" ind2=" " tag="100"><marc:subfield code="a">Bang, Herman</marc:subfield><marc:subfield code="d">1857-1912</marc:subfield></marc:datafield><marc:datafield ind1="1" ind2="0" tag="245"><marc:subfield code="a">Die vier Teufel</marc:subfield><marc:subfield code="b">novelle</marc:subfield><marc:subfield code="c">Herman Bang</marc:subfield></marc:datafield><marc:datafield ind1=" " ind2=" " tag="260"><marc:subfield code="a">Berlin</marc:subfield><marc:subfield code="b">S. Fischer</marc:subfield><marc:subfield code="c">1926</marc:subfield></marc:datafield><marc:datafield ind1=" " ind2=" " tag="300"><marc:subfield code="a">103 p</marc:subfield><marc:subfield code="b">illus</marc:subfield><marc:subfield code="c">18 cm</marc:subfield></marc:datafield><marc:datafield ind1="0" ind2=" " tag="490"><marc:subfield code="a">[Fischers illustrierte B&#252;cher]</marc:subfield></marc:datafield><marc:datafield ind1=" " ind2=" " tag="500"><marc:subfield code="a">"Illustriert von George G. Kobbe."</marc:subfield></marc:datafield><marc:datafield ind1=" " ind2=" " tag="590"><marc:subfield code="a">O exemplar da Cole&#231;&#227;o Guimar&#227;es Rosa foi encadernado com: Jense, Johannes Vilhelm. Der Monsun und andere Tiergeschichten. Berlin, S. Fischer, 1925</marc:subfield></marc:datafield><marc:datafield ind1=" " ind2="7" tag="650"><marc:subfield code="a">LITERATURA DINAMARQUESA</marc:subfield><marc:subfield code="2">larpcal</marc:subfield></marc:datafield><marc:datafield ind1=" " ind2="7" tag="650"><marc:subfield code="a">ROMANCE</marc:subfield><marc:subfield code="2">larpcal</marc:subfield></marc:datafield><marc:datafield ind1="1" ind2=" " tag="700"><marc:subfield code="a">Kobbe, George G.</marc:subfield><marc:subfield code="4">il</marc:subfield></marc:datafield><marc:datafield ind1=" " ind2=" " tag="945"><marc:subfield code="a">L</marc:subfield><marc:subfield code="b">LIVRO</marc:subfield><marc:subfield code="c">01</marc:subfield></marc:datafield></marc:record>