<marc:record><marc:leader>01057cam  22002654a 4500</marc:leader><marc:controlfield tag="005">20110512154348.0</marc:controlfield><marc:controlfield tag="008">110127s2010    bl af         001 0apor d</marc:controlfield><marc:datafield ind1=" " ind2=" " tag="020"><marc:subfield code="a">9788526010772</marc:subfield></marc:datafield><marc:datafield ind1=" " ind2=" " tag="020"><marc:subfield code="a">8526010778</marc:subfield></marc:datafield><marc:datafield ind1=" " ind2=" " tag="035"><marc:subfield code="a">(OCoLC)698462786</marc:subfield></marc:datafield><marc:datafield ind1=" " ind2=" " tag="040"><marc:subfield code="a">CUY</marc:subfield><marc:subfield code="c">CUY</marc:subfield><marc:subfield code="d">MNU</marc:subfield></marc:datafield><marc:datafield ind1="0" ind2=" " tag="041"><marc:subfield code="a">por</marc:subfield></marc:datafield><marc:datafield ind1=" " ind2=" " tag="044"><marc:subfield code="a">bl</marc:subfield></marc:datafield><marc:datafield ind1="0" ind2="4" tag="082"><marc:subfield code="a">309.181</marc:subfield></marc:datafield><marc:datafield ind1=" " ind2=" " tag="090"><marc:subfield code="a">PQ9697.F84</marc:subfield><marc:subfield code="b">Z46 2010</marc:subfield></marc:datafield><marc:datafield ind1="0" ind2=" " tag="092"><marc:subfield code="a">309.181</marc:subfield></marc:datafield><marc:datafield ind1="1" ind2=" " tag="100"><marc:subfield code="a">Freyre, Gilberto</marc:subfield><marc:subfield code="d">1900-1987</marc:subfield></marc:datafield><marc:datafield ind1="1" ind2="0" tag="245"><marc:subfield code="a">De menino a homem</marc:subfield><marc:subfield code="b">de mais de trinta e de quarenta, de sessenta e mais anos : di&#225;rio &#237;ntimo seguido de recorda&#231;&#245;es pessoais em tom confidencial semelhante ao de di&#225;rios</marc:subfield><marc:subfield code="c">Gilberto Freyre; apresenta&#231;&#227;o de F&#225;tima Quintas; biobibliografia de Edson Nery da Fonseca; notas e &#237;ndice onom&#225;stico elaborados por Gustavo Henrique Tuna</marc:subfield></marc:datafield><marc:datafield ind1=" " ind2=" " tag="260"><marc:subfield code="a">S&#227;o Paulo</marc:subfield><marc:subfield code="b">Global</marc:subfield><marc:subfield code="c">2010</marc:subfield></marc:datafield><marc:datafield ind1=" " ind2=" " tag="300"><marc:subfield code="a">223 p., [32] p. of plates</marc:subfield><marc:subfield code="b">ill</marc:subfield><marc:subfield code="c">27 cm</marc:subfield></marc:datafield><marc:datafield ind1=" " ind2=" " tag="500"><marc:subfield code="a">Includes index</marc:subfield></marc:datafield><marc:datafield ind1="1" ind2="0" tag="600"><marc:subfield code="a">Freyre, Gilberto</marc:subfield><marc:subfield code="d">1900-1987</marc:subfield><marc:subfield code="v">Diaries</marc:subfield></marc:datafield><marc:datafield ind1="1" ind2="7" tag="600"><marc:subfield code="a">Freyre, Gilberto</marc:subfield><marc:subfield code="d">1900-1987</marc:subfield><marc:subfield code="2">larpcal</marc:subfield></marc:datafield><marc:datafield ind1=" " ind2="7" tag="650"><marc:subfield code="a">MEM&#211;RIA AUTOBIOGR&#193;FICA</marc:subfield><marc:subfield code="2">larpcal</marc:subfield></marc:datafield><marc:datafield ind1=" " ind2=" " tag="945"><marc:subfield code="a">L</marc:subfield><marc:subfield code="b">LIVRO</marc:subfield><marc:subfield code="c">01</marc:subfield></marc:datafield></marc:record>