<marc:record><marc:leader>01186cam  2200325 a 45e0</marc:leader><marc:controlfield tag="005">$$a1999052407372</marc:controlfield><marc:controlfield tag="008">970828s1996    bl       b   f000 0 por  </marc:controlfield><marc:datafield ind1=" " ind2=" " tag="010"><marc:subfield code="a">97832406</marc:subfield></marc:datafield><marc:datafield ind1=" " ind2=" " tag="020"><marc:subfield code="a">8522801878</marc:subfield></marc:datafield><marc:datafield ind1=" " ind2=" " tag="035"><marc:subfield code="a">(OCoLC)ocm37175133</marc:subfield></marc:datafield><marc:datafield ind1=" " ind2=" " tag="040"><marc:subfield code="a">DLC</marc:subfield><marc:subfield code="c">DLC</marc:subfield><marc:subfield code="d">NYP</marc:subfield><marc:subfield code="d">GZM</marc:subfield><marc:subfield code="d">OCL</marc:subfield></marc:datafield><marc:datafield ind1="0" ind2=" " tag="041"><marc:subfield code="a">por</marc:subfield></marc:datafield><marc:datafield ind1=" " ind2=" " tag="042"><marc:subfield code="a">lcode</marc:subfield></marc:datafield><marc:datafield ind1=" " ind2=" " tag="043"><marc:subfield code="a">s-bl---</marc:subfield></marc:datafield><marc:datafield ind1=" " ind2=" " tag="044"><marc:subfield code="a">bl</marc:subfield></marc:datafield><marc:datafield ind1="0" ind2="0" tag="050"><marc:subfield code="a">PQ9697.A53</marc:subfield><marc:subfield code="b">Z78 1996</marc:subfield></marc:datafield><marc:datafield ind1="0" ind2="0" tag="082"><marc:subfield code="a">869.3</marc:subfield><marc:subfield code="2">21</marc:subfield></marc:datafield><marc:datafield ind1="0" ind2=" " tag="092"><marc:subfield code="a">869.909</marc:subfield></marc:datafield><marc:datafield ind1="1" ind2=" " tag="100"><marc:subfield code="a">Ribeiro, Luis Filipe</marc:subfield></marc:datafield><marc:datafield ind1="1" ind2="0" tag="245"><marc:subfield code="a">Mulheres de papel</marc:subfield><marc:subfield code="b">um estudo do imagin&#225;rio em Jos&#233; de Alencar e Machado de Assis</marc:subfield><marc:subfield code="c">Luis Filipe Ribeiro</marc:subfield></marc:datafield><marc:datafield ind1=" " ind2=" " tag="260"><marc:subfield code="a">Niter&#243;i, RJ</marc:subfield><marc:subfield code="b">Universidade Federal Fluminense</marc:subfield><marc:subfield code="c">1996</marc:subfield></marc:datafield><marc:datafield ind1=" " ind2=" " tag="300"><marc:subfield code="a">445 p</marc:subfield><marc:subfield code="c">21 cm</marc:subfield></marc:datafield><marc:datafield ind1=" " ind2=" " tag="500"><marc:subfield code="a">Originally presented as the author\'s thesis (doctoral)--Universidade Federal Fluminense, 1995</marc:subfield></marc:datafield><marc:datafield ind1=" " ind2=" " tag="504"><marc:subfield code="a">Includes bibliographical references (p. 419-445)</marc:subfield></marc:datafield><marc:datafield ind1=" " ind2=" " tag="590"><marc:subfield code="a">Na Biblioteca da FFLCH, o e. 3 pertence &#224; Cole&#231;&#227;o Antonio Candido</marc:subfield></marc:datafield><marc:datafield ind1="1" ind2="0" tag="600"><marc:subfield code="a">Alencar, Jos&#233; Martiniano de</marc:subfield><marc:subfield code="c">Criticism and interpretation</marc:subfield><marc:subfield code="d">1829-1877</marc:subfield></marc:datafield><marc:datafield ind1="1" ind2="7" tag="600"><marc:subfield code="a">Machado de Assis</marc:subfield><marc:subfield code="d">1839-1908</marc:subfield></marc:datafield><marc:datafield ind1=" " ind2="0" tag="650"><marc:subfield code="a">Women in literature</marc:subfield></marc:datafield><marc:datafield ind1=" " ind2="7" tag="650"><marc:subfield code="a">LITERATURA BRASILEIRA (HIST&#211;RIA E CR&#205;TICA)</marc:subfield><marc:subfield code="2">larpcal</marc:subfield></marc:datafield><marc:datafield ind1=" " ind2=" " tag="945"><marc:subfield code="a">L</marc:subfield><marc:subfield code="b">LIVRO</marc:subfield><marc:subfield code="c">01</marc:subfield></marc:datafield></marc:record>